2792 4142
206 211 253 261 20
533 201 767 259 CORNELIUS
797 201 926 259 NEPOS

203 386 410 467 demigraivit.
459 385 562 449 Citius
585 385 670 447 ratio
692 394 756 448 etsi
778 392 845 447 nen
869 386 980 460 valuit,
998 394 1111 448 tamen
1136 393 1259 468 maigne

203 518 303 579 opere
324 507 375 561 est
396 497 572 573 laudanda,
590 517 665 560 cum
683 499 819 560 amicior
835 499 982 560 omnium
1000 498 1142 561 liberta'rti
1158 519 1258 580 quam

203 630 283 674 suae
299 610 399 674 fuerit
418 610 643 673 dominationi.

237 774 329 821 Darius
344 774 449 821 invades
465 773 565 821 Greeco.
596 773 728 822 Miltiades
744 775 860 821 counsels
876 786 908 821 an
923 774 1069 821 immediate
1084 776 1175 821 attach
1188 786 1220 821 on

636 850 681 896 the
696 849 825 896 Persidas.

249 954 306 1016 IV.
343 954 474 1015 Dereus
490 962 601 1016 autem
619 973 693 1016 cum
710 972 750 1015 ex
770 953 904 1033 Eurdpe
920 953 955 1013 in
972 953 1089 1014 Asiam
1107 952 1256 1028 redisset,

153 1072 165 1124 5
204 1065 412 1128 hortantibus
434 1075 549 1128 amicis
570 1074 607 1129 ut
629 1065 803 1129 Graeciam
823 1065 988 1146 redigeret
1006 1065 1039 1126 in
1057 1084 1151 1126 suam
1167 1074 1257 1145 pote-

203 1185 332 1253 sta'rtem,
350 1179 491 1241 classem
510 1184 767 1260 quingentenum
783 1179 917 1254 nervium
934 1176 1139 1257 comparavit
1159 1174 1256 1258 eique

205 1290 318 1354 Detim
335 1291 498 1375 praefecit
513 1300 547 1354 et
560 1291 810 1372 Artaphernem
823 1290 928 1372 iisque
941 1290 1084 1352 ducenta
1096 1289 1255 1370 peditum,

203 1404 319 1466 decem
335 1403 483 1485 equitum
500 1403 589 1466 milia
601 1404 702 1479 dedit,
714 1423 850 1466 causam
862 1404 1063 1465 interserens
1077 1408 1112 1464 se
1125 1403 1255 1464 hostem

202 1535 276 1579 esse
303 1515 578 1591 Atheniensibus,
605 1516 695 1597 quod
722 1524 836 1578 cerum
864 1515 985 1578 auxilii)
1014 1516 1113 1577 lenes
1140 1514 1254 1578 Sardis

152 1648 180 1682 10
203 1634 453 1710 exprignessent
470 1649 594 1710 suaque
611 1628 777 1708 praesidia
790 1628 1046 1691 interfecissent.
1096 1628 1148 1692 llli
1163 1646 1254 1709 prae·

203 1741 284 1803 fecti
299 1742 382 1822 regii
397 1741 503 1804 classe
520 1741 562 1803 ad
581 1741 752 1833 Euboeam
769 1741 911 1821 appulsi
927 1740 1077 1804 celeriter
1091 1739 1254 1802 Eretriam

201 1860 369 1935 ceperunt,
392 1863 565 1935 omnisque
586 1853 656 1915 eius
675 1853 786 1934 gentis
805 1862 885 1916 civis
904 1851 1060 1932 abreptes
1080 1851 1113 1913 in
1137 1850 1254 1914 Asiam

201 1966 243 2028 ad
270 1973 383 2048 regem
410 1973 578 2028 miserunt.
628 1966 712 2028 Inde
739 1966 781 2027 ad
806 1964 954 2029 Atticam
978 1971 1190 2028 accesserunt
1213 1984 1251 2027 ac

202 2086 279 2141 suris
296 2078 409 2159 cepia'rs
421 2080 454 2140 in
467 2099 623 2160 campum
639 2078 840 2141 Marathena
851 2078 1067 2141 deduxerunt.
1109 2079 1143 2140 Is
1159 2078 1253 2141 abest

150 2208 179 2262 15
203 2191 244 2253 ab
266 2191 390 2273 oppidi>
410 2190 540 2254 circiter
560 2190 650 2254 milia
669 2211 828 2272 passuum
846 2191 969 2254 decem.
1018 2192 1094 2254 Hoc
1110 2192 1284 2277 tumultu..

203 2304 428 2367 Athenienses
458 2314 527 2366 tam
561 2305 750 2386 propinque
787 2313 922 2387 tamque
953 2312 1076 2387 megnr')
1114 2313 1256 2387 permeti

201 2416 358 2479 auxilium
389 2425 554 2498 nrisquam
592 2416 655 2479 nisi
689 2424 709 2479 e
743 2418 1017 2482 Lacedaemoniis
1048 2425 1253 2499 petiverunt3

202 2528 478 2612 Phidippumque,
490 2538 659 2593 curserem
676 2530 747 2593 eius
764 2531 897 2612 generis
909 2541 968 2614 qui
983 2530 1254 2594 hemerodromoe

202 2651 371 2716 vocantur,
398 2642 685 2706 Lacedaemonem
709 2651 879 2720 miserunt,
904 2653 941 2706 ut
963 2644 1131 2707 niintiairet
1155 2663 1254 2725 quam

148 2777 179 2813 20
203 2753 374 2816 celerrime
390 2773 474 2835 opus
490 2775 563 2818 esse
585 2755 715 2818 auxilie.
765 2757 866 2819 Domi
882 2765 992 2819 autem
1009 2766 1123 2819 creant
1139 2756 1254 2818 decem

202 2872 372 2946 praeteres
406 2875 463 2948 qui
493 2867 652 2930 exercitui
683 2877 886 2949 praeessent,
920 2870 955 2930 in
985 2868 1026 2930 iis
1058 2867 1253 2930 Miltiadem.

203 2979 295 3041 Inter
323 2986 406 3060 ques
434 2986 557 3059 maigna
585 2980 649 3043 fuit
676 2982 854 3056 contentis),
883 2990 992 3044 utrum
1020 2979 1192 3043 moenibus
1220 2987 1257 3042 se

202 3091 422 3153 defenderent
444 3112 487 3153 an
509 3092 640 3155 obviam
661 3102 748 3156 irent
770 3094 920 3157 hostibus
943 3093 1079 3175 acieque
1102 3093 1258 3156 decerne·

202 3212 284 3264 rent.
320 3189 418 3267 Unus
437 3203 605 3267 Miltiades
621 3205 762 3268 maixime
779 3205 945 3268 nitebatur
957 3215 994 3269 ut
1006 3213 1113 3287 primo
1125 3213 1258 3287 queque

149 3341 179 3395 25
203 3324 353 3396 tempore
380 3325 489 3379 castra
516 3316 652 3391 fierent;
684 3317 717 3379 id
745 3328 773 3380 si
800 3318 926 3381 factum
952 3327 1050 3394 esset,
1072 3328 1106 3382 et
1132 3317 1258 3381 civibus

203 3427 351 3490 animum
368 3437 590 3505 accessurum,
605 3451 679 3493 cum
696 3431 849 3494 viderent
866 3431 907 3493 de
923 3440 1037 3494 ebrum
1054 3433 1174 3494 virtiite
1190 3438 1257 3492 nen

202 3541 380 3622 desperari,
403 3551 437 3604 et
460 3543 564 3605 hostis
587 3543 704 3605 eedem
727 3551 761 3604 re
784 3543 855 3606 fore
874 3545 1045 3619 tardiereS,
1069 3554 1096 3607 si
1114 3542 1259 3605 animad-
1352 3550 1354 3553 ’

203 3662 370 3718 verterent
391 3656 505 3717 auderi
521 3655 680 3719 adversus
697 3664 816 3718 setam
834 3657 961 3738 exiguis
979 3656 1082 3738 cepiis
1098 3656 1256 3717 dimiceri.
