2792 4142
630 218 738 279 DION

438 402 501 449 Dion
510 403 534 449 is
544 402 723 449 aomosinated
733 402 760 448 in
771 401 812 449 his
822 401 916 461 palacc.

195 561 255 625 IX.
290 561 365 623 Hac
397 569 508 622 mente
533 559 682 641 proximo
708 559 761 621 die
784 560 871 621 festo
896 579 970 622 cum
994 565 1014 622 ᾗ
1038 566 1204 623 conventu

150 679 186 736 se
208 682 372 736 remotum
398 672 487 735 Dion
512 672 601 734 domi
624 679 753 734 teneret
776 681 876 754 atque
897 673 930 734 in
950 672 1100 735 conclavi
1118 671 1207 735 edito

149 784 364 861 recubuisset,
382 784 523 847 consciis
539 784 697 847 facinoris
715 784 787 847 loca
805 786 984 847 munitiora
1005 784 1120 866 oppidi
1145 791 1207 848 tra-

150 898 206 973 dit,
224 898 358 960 domum
380 896 538 960 custodiis
560 896 675 976 saepit,
694 903 714 958 a
732 895 860 959 foribus
877 903 1016 978 quinon
1033 896 1206 960 discedant

150 1018 258 1073 certos
286 1008 445 1091 praeficit,
473 1016 593 1071 navem
618 1008 786 1071 triremem
813 1014 949 1071 armatis
976 1017 1072 1071 ornat
1100 1009 1206 1071 Philo-
1247 1031 1260 1082 5

150 1131 329 1205 stratoque,
357 1122 453 1184 fratri
482 1129 551 1195 suo,
583 1121 682 1184 tradit
714 1141 855 1204 eamque
886 1120 920 1183 in
950 1129 1047 1202 portu
1079 1120 1206 1203 agitare

150 1234 250 1309 iubet,
277 1244 313 1298 ut
344 1244 373 1297 si
402 1240 555 1297 exercere
579 1233 722 1314 remiges
746 1233 856 1309 vellet,
882 1233 1034 1314 cogitans
1062 1243 1090 1295 si
1119 1235 1206 1297 forte

150 1346 295 1410 consiliis
324 1346 506 1409 obstitisset
537 1346 682 1421 fortuna,
709 1355 745 1408 ut
777 1345 914 1409 haberet
937 1352 1002 1428 qua
1030 1346 1207 1427 aufugeret

151 1459 193 1521 ad
217 1459 367 1521 salutem.
417 1458 559 1523 Suorum
579 1467 691 1521 autem
712 1465 730 1520 e
749 1466 888 1521 numero
907 1457 1108 1542 Zacynthios
1130 1458 1207 1521 adu-

151 1572 306 1634 lescentis
329 1571 491 1653 quosdam
512 1571 604 1652 eligit
628 1591 704 1634 cum
729 1570 967 1633 audacissimos
991 1580 1060 1634 tum
1082 1570 1207 1633 viribus
1231 1599 1260 1635 10

150 1683 310 1760 maximis,
327 1685 433 1766 iisque
455 1684 512 1745 dat
537 1683 708 1765 negotium
732 1683 774 1745 ad
798 1683 941 1746 Dionem
958 1692 1036 1746 eant
1052 1683 1205 1758 inermes,

150 1805 197 1860 sic
225 1805 262 1858 ut
288 1796 509 1860 conveniendi
538 1797 609 1860 eius
640 1796 748 1878 gratia
779 1795 969 1859 viderentur
996 1805 1118 1858 venire.
1178 1795 1208 1857 Ii

152 1918 288 1992 propter
319 1909 469 1972 notitiam
503 1920 581 1973 sunt
606 1911 794 1972 intromissi.
853 1908 903 1971 At
930 1908 1016 1970 illius
1043 1919 1080 1971 ut
1106 1908 1207 1970 limen

151 2022 322 2097 intrarant,
340 2022 467 2086 foribus
489 2023 650 2085 obseratis
671 2021 705 2083 in
730 2022 815 2085 lecto
837 2020 1014 2085 cubantem
1035 2020 1205 2096 invadunt,

151 2135 322 2217 conligant
330 2156 337 2212 ;
374 2135 410 2198 fit
437 2135 604 2216 strepitus,
630 2134 715 2197 adeo
742 2144 779 2196 ut
805 2133 953 2197 exaudiri
978 2141 1092 2214 posset
1114 2133 1205 2195 foris.
1231 2166 1260 2218 ¹5

154 2250 228 2322 Hie,
247 2257 331 2311 sicut
353 2258 430 2311 ante
452 2247 695 2329 saepedictum
718 2255 778 2321 est,
796 2266 895 2328 quam
913 2245 1018 2307 invisa
1039 2244 1081 2308 sit
1099 2244 1208 2326 singu·

151 2361 229 2424 laris
260 2361 410 2443 potentia
439 2370 474 2424 et
504 2359 693 2423 miseranda
723 2369 791 2421 vita
822 2367 879 2440 qui
908 2364 944 2420 se':
974 2366 1078 2420 metui
1107 2377 1207 2440 quam

152 2481 255 2536 amari
270 2474 408 2550 malunt,
426 2474 529 2537 cuivis
552 2473 649 2535 facile
673 2471 842 2549 intellectu
866 2468 938 2533 fuit.
987 2470 1143 2552 Namque
1162 2470 1209 2532 illi

152 2586 216 2668 ipsi
249 2587 412 2662 custodes,
445 2596 473 2649 si
508 2592 663 2667 prompta
693 2585 837 2647 fuissent
867 2583 1047 2657 voluntate,
1079 2581 1208 2646 foribus

153 2699 300 2763 effractis
325 2706 456 2762 servare
478 2718 554 2761 eum
576 2699 772 2780 potuissent,
795 2696 904 2777 quoad
929 2696 976 2757 illi
999 2695 1141 2758 inermes
1164 2702 1209 2757 te}-
1230 2716 1261 2751 20

153 2811 221 2873 lum
244 2812 325 2874 foris
347 2810 536 2893 flagitantes
552 2820 664 2873 vivum
685 2808 853 2872 tenebant.
903 2808 965 2872 Cui
983 2827 1059 2869 cum
1079 2826 1208 2870 succur-

153 2933 240 2985 reret
266 2930 374 2999 nemo,
403 2924 496 3007 Lyco
520 2923 654 3005 quidam
681 2922 912 3007 Syracusanus
940 2939 999 3001 per
1026 2919 1207 2982 fenestram

153 3034 300 3116 gladium
325 3035 426 3111 dedit,
451 3043 516 3117 quo
541 3036 630 3098 Dion
654 3034 850 3097 interiectus
874 3042 934 3095 est.

198 3328 250 3375 The
265 3326 340 3374 fickle
355 3328 475 3387 populace
489 3327 538 3374 call
553 3327 616 3374 Dion
632 3327 694 3387 good
711 3325 780 3374 aiter
795 3325 952 3395 holstenii,
969 3325 1018 3371 and
1034 3324 1092 3385 give
1108 3322 1160 3370 blm

587 3402 670 3461 public
684 3401 773 3448 burial.

199 3553 240 3615 X.
274 3553 438 3617 Confecta
456 3552 559 3616 caede
586 3571 661 3615 cum
686 3550 862 3613 multitudo
882 3548 1010 3612 visendi
1033 3547 1140 3628 gratia
1163 3546 1209 3608 in-

158 3671 296 3740 troisset,
310 3665 462 3728 nonnulli
473 3665 515 3728 ab
527 3663 639 3727 insciis
656 3671 717 3744 pro
728 3662 832 3725 noxiis
849 3661 1076 3726 conciduntur.
1119 3659 1208 3720 Nam
1230 3667 1260 3719 ²5
