2792 4142
199 190 245 262 72
528 181 760 239 corruamus
791 180 919 239 NEPOS

248 362 311 411 Dion
324 363 391 424 joina
405 363 471 410 with
486 363 638 420 Heraclidae,
653 361 736 422 forces
753 374 785 408 an
800 364 918 409 entrance
932 362 986 410 into
1001 362 1137 424 Syracuse,
1153 364 1202 411 and

464 438 575 484 dictatee
585 440 665 484 terme
675 436 702 484 oi
715 448 791 496 peace
801 439 829 483 to
839 436 985 497 Dionysius.

242 559 282 621 V.
316 560 496 641 Postquam
511 559 710 622 Corinthum
727 557 877 639 pervenit
892 557 981 620 Dion
998 567 1031 621 et
1047 558 1164 621 eodem
1181 579 1253 639 per-

198 671 286 752 fugit
303 671 500 734 Heraclides
519 670 561 733 ab
581 670 699 733 eadem
719 670 877 751 expulsus
896 669 1066 753 Dionysia,
1084 681 1142 753 qui
1160 691 1253 752 prae-

159 779 161 782 ’
198 784 307 847 fectus
330 784 441 846 luerat
465 783 622 866 equitum,
644 792 736 846 omni
758 783 885 845 ratione
910 782 1032 845 bellum
1057 790 1252 864 comparare

199 903 390 978 coeperunt.
439 895 506 960 Sed
530 904 596 958 ndu
620 895 761 958 multum
783 895 1008 975 proficiebant,
1027 896 1116 978 quod
1138 896 1253 959 multa

149 1030 162 1080 5
199 1030 272 1071 rum
303 998 467 1071 annorum
497 1008 648 1093 tyrannis
680 1014 876 1088 magnarum
914 1028 1015 1089 opum
1054 1009 1251 1090 putabatur;

199 1142 299 1204 quam
319 1121 362 1184 ob
383 1141 519 1184 causam
541 1131 639 1202 pauci
660 1120 702 1182 ad
725 1119 917 1183 societatem
939 1120 1078 1202 periculi
1096 1120 1253 1201 perdire&-

199 1222 328 1296 bantur.
370 1234 437 1299 Sed
457 1234 545 1296 Dian
563 1233 668 1296 fretus
685 1241 752 1295 ndu
769 1241 837 1295 tam
854 1242 922 1295 suis
939 1232 1042 1314 copiis
1059 1234 1159 1314 quam
1176 1233 1252 1296 odia

199 1344 349 1431 tyranni,
362 1349 504 1410 maximo
527 1346 639 1408 animo
662 1345 791 1408 duabus
815 1345 974 1408 onerariis
998 1345 1137 1408 navibus
1161 1355 1252 1429 quin-

199 1459 360 1541 quaginta
376 1466 538 1522 anndrum
555 1458 741 1540 imperium,
756 1465 920 1520 manitum
936 1467 1126 1541 quingentis
1143 1458 1252 1539 longis

149 1598 179 1635 10
200 1572 349 1647 navibus
378 1572 494 1635 decem
521 1571 668 1652 equitum
697 1580 898 1652 centumque
929 1569 1077 1652 peditum
1109 1570 1250 1647 milibus,

200 1685 370 1766 profectus
378 1691 621 1766 oppiignatum,
629 1684 718 1766 quod
730 1682 883 1747 omnibus
893 1682 1049 1765 gentibus
1060 1683 1252 1746 admirabile

200 1807 251 1860 est
281 1807 398 1873 visum,
427 1797 512 1859 aded
537 1796 636 1859 facile
663 1796 806 1878 perculit
837 1806 873 1860 ut
899 1805 976 1877 post
1002 1796 1090 1858 diem
1117 1795 1252 1859 tertium

200 1931 300 1992 quam
329 1909 474 1974 Siciliam
506 1909 662 1990 attigerat
687 1909 871 1994 Syraciisas
894 1908 1063 1972 introierit.
1113 1909 1164 1971 Ex
1186 1916 1253 1991 quo

144 2103 148 2108 ,
201 2023 351 2104 intellegi
366 2031 477 2104 potest
498 2022 623 2084 nullum
647 2042 722 2085 esse
743 2022 919 2103 imperium
940 2030 1049 2086 tutum
1070 2015 1253 2087 nisi'bene-

150 2163 178 2216 15
200 2135 346 2198 volentia
365 2142 538 2197 munitum.
588 2135 638 2196 Eo
656 2144 806 2216 tempore
829 2135 943 2198 aberat
964 2135 1147 2219 Dionysius
1165 2146 1199 2199 et
1217 2137 1252 2199 in

202 2234 300 2311 ltalia
323 2249 464 2318 classem
488 2247 724 2328 opperiebatur
749 2248 1021 2323 adversariarum,
1039 2259 1130 2312 ratus
1152 2248 1253 2311 nami·

201 2381 277 2424 nem
295 2361 366 2424 sine
383 2367 513 2441 magnis
530 2362 633 2441 copiis
650 2360 692 2422 ad
709 2367 745 2423 sa
760 2368 946 2424 venturum.
994 2361 1091 2443 Quae
1107 2368 1160 2424 res
1176 2381 1252 2424 eum

201 2473 330 2536 fefellit.
380 2473 468 2535 Nam
494 2473 582 2534 Didn
604 2472 643 2535 iis
666 2472 746 2554 ipsis
767 2483 824 2556 qui
847 2472 909 2535 sub
934 2472 1102 2535 adversari
1117 2473 1252 2536 fuerant

202 2593 368 2668 potestate
392 2585 501 2666 regios
525 2585 659 2665 spiritds
683 2585 851 2666 repressit,
867 2593 1033 2667 totiusque
1053 2585 1124 2648 eius
1148 2586 1252 2667 partis

150 2728 181 2764 20
202 2697 333 2763 Siciliae
357 2707 482 2779 potitus
505 2708 556 2760 est
581 2718 666 2780 quae
688 2697 750 2759 sub
780 2697 920 2780 Dionysi
945 2699 1056 2761 iuerat
1076 2704 1258 2779 potestate,¹

202 2821 339 2893 parique
357 2811 456 2873 modo
471 2811 561 2873 urbis
579 2812 820 2895 Syracusarum
837 2821 968 2892 praeter
985 2830 1095 2875 arcem
1114 2820 1148 2874 et
1165 2820 1253 2873 insu·

201 2924 268 2987 lam
292 2923 482 2986 adiunctam
506 2924 639 3005 oppido,
662 2931 768 3005 eaque
799 2943 869 2986 rem
894 2924 1048 3006 perddxit
1072 2934 1108 2986 ut
1131 2924 1252 2987 talibus

202 3036 412 3117 pactidnibus
428 3043 544 3117 pacem
561 3046 723 3120 tyrannus
740 3037 851 3099 facere
863 3037 982 3099 vellet:
1003 3036 1149 3101 Siciliam
1163 3036 1252 3099 Dion

201 3149 374 3223 obtineret,
402 3133 536 3212 ltaliam
570 3150 761 3232 Dionysius,
794 3149 977 3234 Syraciisas
1009 3149 1251 3230 Apollocrates,

150 3297 180 3350 ²5
201 3237 255 3325 cui
271 3261 448 3323 maximam
465 3261 564 3324 fidem
582 3269 638 3323 uni
655 3260 807 3325 habebat.

248 3448 301 3494 The
316 3448 393 3495 death
408 3445 435 3495 oi
448 3447 535 3494 Dion's
551 3458 595 3494 eon
611 3447 634 3494 ie
649 3447 766 3496 followed
780 3449 845 3508 bya
862 3449 959 3507 qumet
974 3449 1039 3496 with
1054 3448 1206 3506 Heraclides,

578 3524 634 3570 who
649 3523 673 3570 ie
688 3525 736 3581 put
750 3525 778 3569 to
792 3524 877 3570 death.

244 3633 305 3699 VI.
340 3633 414 3695 Has
441 3643 508 3695 tam
532 3641 710 3717 prosperas
734 3643 868 3717 tamque
892 3635 1079 3716 inopinatas
1103 3641 1156 3696 res
1179 3642 1254 3695 con-
