2792 4142
524 197 825 256 Ernnruouons
1156 192 1199 281 89

149 391 227 445 sunt
247 381 444 445 testimenia.
497 383 582 446 Cum
603 403 680 445 eum
702 394 839 466 propter
860 384 1017 448 invidiam
1041 392 1129 448 cives
1151 394 1203 446 sui

149 495 329 576 praeficere
362 494 519 558 exercitui
551 496 735 559 neluissent
767 497 900 580 duxque
931 508 1020 561 esset
1052 497 1201 560 delectus

149 607 228 670 belli
253 609 434 688 Imperitus,
463 609 557 670 cuius
588 617 697 670 errore
726 616 778 671 res
808 618 850 672 ee
880 619 968 673 esset
995 608 1139 673 deducta
1165 620 1201 672 ut

149 727 265 781 omnes
281 720 323 783 de
338 720 444 783 salete
464 720 746 801 pertimescerent,
765 722 854 803 quod
874 722 1020 785 locerum
1039 723 1202 803 angustiis

149 832 253 895 clausi
275 831 317 894 ab
345 831 496 895 hostibus
524 832 770 909 obsidebantur,
800 835 980 897 desidereri
1006 846 1125 917 coepta
1151 845 1203 898 est
1241 853 1252 903 5

151 944 404 1025 Epaminendae
421 944 611 1025 diIIgentia;
635 955 707 1008 erat
723 945 821 1017 enim¹
832 946 877 1009 ibi
897 942 1044 1029 privetus
1063 955 1202 1013 numere

149 1055 268 1120 militis.
326 1043 359 1118 Ᾱ
387 1065 453 1139 que
479 1077 554 1120 cum
583 1067 736 1139 peterent
764 1080 871 1141 opem,
900 1060 1026 1122 nullam
1053 1060 1204 1125 adhibuit

149 1168 341 1232 memoriam
372 1169 591 1232 contumeliae
621 1180 655 1233 et
686 1171 866 1235 exercitum
892 1172 1064 1236 obsidiene
1089 1173 1203 1235 libere-

149 1291 219 1343 tum
243 1281 376 1343 domum
402 1282 532 1344 redrixit
557 1282 767 1346 incolumem.
816 1285 889 1347 Nec
912 1292 991 1347 vere
1014 1285 1076 1349 hec
1099 1286 1204 1348 semel

148 1393 238 1468 fecit,
255 1394 314 1457 sed
330 1395 471 1475 saepius.
522 1395 669 1458 Maxime
690 1405 800 1459 autem
823 1396 887 1460 fuit
907 1397 1055 1473 inlustre,
1071 1417 1147 1461 cum
1168 1399 1203 1459 in
1226 1416 1256 1451 10

150 1505 413 1586 Peloponnesum
443 1509 624 1571 exercitum
661 1509 811 1572 duxisset
846 1510 1007 1572 adversus
1039 1510 1204 1574 Lacedae·
1245 1547 1247 1551 2

149 1617 278 1679 monies
309 1616 512 1701 haberetque
536 1621 693 1702 conleges
727 1622 818 1697 dues,
844 1629 984 1703 querum
1019 1623 1103 1685 alter
1132 1632 1205 1685 erat

150 1730 336 1812 Pelopides,
362 1730 412 1793 vir
434 1732 531 1795 fortis
555 1753 594 1796 ac
624 1741 789 1796 strenuus.
838 1735 885 1797 Hi
911 1754 986 1797 cum
1014 1735 1204 1797 criminibus

149 1842 411 1906 adverserierum
433 1852 549 1908 omnes
569 1847 603 1907 in
626 1846 784 1909 invidIam
803 1847 983 1922 venissent,
1000 1846 1042 1910 ob
1063 1866 1203 1928 eamque

149 1975 219 2018 rem
235 1954 410 2037 imperium
426 1956 465 2019 iis
481 1967 570 2021 esset
588 1958 785 2040 abrogatum
802 1969 901 2041 atque
918 1959 952 2021 in
968 1967 1081 2022 eerum
1095 1959 1203 2022 locum
1227 1986 1255 2037 15

149 2068 205 2131 alii
231 2079 400 2152 praeteres
426 2072 675 2147 successissent,
698 2072 954 2152 Epaminendes
982 2056 1096 2153 populi
1123 2080 1204 2134 scite

148 2191 215 2245 nen
244 2184 352 2265 peruit
379 2183 533 2266 idemque
560 2194 597 2247 ut
625 2185 776 2247 facerent
802 2183 966 2265 persuesit
988 2185 1144 2264 conlegis,
1171 2194 1204 2246 et

149 2294 272 2358 bellum
297 2297 385 2378 quod
409 2304 602 2377 susceperat
625 2298 737 2377 gessit.
791 2297 946 2378 Namque
967 2296 1204 2358 animadverte-

148 2406 207 2470 bat
226 2407 291 2470 nisi
312 2408 345 2471 id
361 2408 506 2485 fecisset,
524 2417 629 2472 tetum
654 2409 834 2473 exercitum
856 2418 992 2490 propter
1012 2416 1202 2489 praeterunt

149 2518 407 2601 impredentiam
431 2522 663 2605 inscitiamque
689 2521 768 2584 belli
792 2520 982 2603 periturum.
1040 2520 1110 2582 Lex
1133 2531 1204 2584 erat
1226 2554 1257 2588 20

149 2632 275 2696 Thebis
303 2653 389 2715 quae
416 2645 521 2698 morte
544 2635 706 2699 multehat
729 2643 756 2696 si
783 2633 856 2715 quis
881 2633 1055 2715 imperium
1081 2633 1204 2696 diutius

150 2744 339 2808 retinuisset
362 2766 461 2828 quam
482 2747 555 2827 lege
573 2748 787 2828 praefinitum
805 2747 901 2809 toret.
950 2746 1049 2808 Hanc
1073 2746 1205 2827 Epami-

150 2858 278 2919 nendes
294 2876 370 2920 cum
387 2868 434 2921 rei
449 2846 602 2940 publicae
619 2857 868 2923 conservandae
885 2865 986 2921 cause
1002 2858 1102 2921 letam
1118 2858 1205 2920 vide-

150 2979 208 3043 ret,
235 2969 278 3032 ad
305 2970 484 3051 perniciem
510 2971 653 3034 civitetis
681 2972 826 3035 cenierri
851 2970 963 3043 neluit,
989 2979 1023 3033 et
1050 2980 1205 3053 quattuor

151 3081 320 3144 mensibus
337 3082 459 3147 diritius
476 3104 574 3167 quam
591 3084 735 3166 populus
748 3083 889 3146 iusserat
902 3083 1006 3164 gessit
1018 3082 1201 3165 imperium.
1227 3121 1257 3172 ²5

183 3309 223 3356 An
237 3313 328 3370 apponi
342 3314 370 3359 to
384 3312 429 3359 the
444 3314 539 3360 murts
554 3324 630 3359 sense
645 3311 672 3359 of
688 3313 777 3360 humor
791 3314 911 3371 prevents
928 3313 969 3360 his
984 3311 1105 3372 suffering
1124 3313 1169 3358 the

494 3387 562 3447 legal
577 3388 682 3446 penalty
696 3386 722 3433 of
737 3387 777 3434 his
793 3389 843 3434 act.

193 3526 294 3589 VIII.
329 3529 509 3610 Postquam
537 3528 672 3591 domum
694 3529 837 3591 reditum
860 3538 919 3604 est,
945 3529 1105 3609 conlegae
1134 3529 1205 3591 eius
1307 3595 1310 3601 ,

152 3636 214 3700 hoc
244 3638 381 3704 crimIne
412 3640 687 3725 accusabantur·¹
725 3639 855 3725 Quibus
893 3638 948 3702 ille
987 3638 1137 3720 permisit
1168 3649 1205 3704 ut
