2792 4142
558 205 760 264 CHABRIAS

213 436 334 484 Chabrias
349 437 373 484 is
388 438 495 483 recalled
510 439 538 483 to
553 436 652 484 Athens
668 448 700 483 on
717 438 854 497 complerint
872 436 898 486 of
913 439 958 485 the
974 437 1103 487 vernans.

176 593 242 655 III.
275 594 362 655 Tum
397 593 559 674 praefecti
587 591 675 674 regis
712 594 832 656 Persae
865 594 993 675 legetes
1027 601 1187 658 miserunt

130 705 285 768 Athenas
307 714 462 788 questum
485 705 574 787 quod
598 705 761 769 Chabrias
785 706 961 769 adversum
985 714 1098 788 regern
1121 707 1186 770 bel-

130 819 198 880 lum
222 828 352 900 gereret
376 838 451 881 cum
472 816 661 903 Aegyptiis.
710 818 936 883 Athenienses
952 820 1039 883 diem
1061 829 1185 883 certam

132 931 296 995 Chabriae
313 933 581 1012 praestituerunt,
596 951 696 1013 quam
714 942 791 995 ante
804 932 939 995 domum
957 934 1020 995 nisi
1035 933 1183 1007 redisset,

130 1045 249 1126 capitis
265 1051 301 1107 se
317 1043 408 1106 illum
425 1043 639 1106 damnetirres
652 1044 899 1108 denentierunt.
942 1046 1017 1108 Hec
1034 1045 1087 1108 ille
1104 1053 1186 1107 nim-
1225 1077 1237 1127 5

124 1132 176 1220 ‘tie
193 1157 348 1220 Athenas
369 1157 475 1232 rediit,
496 1176 606 1239 neque
629 1156 674 1220 ibi
696 1157 819 1220 diritius
841 1167 892 1221 est
915 1165 1061 1222 moritus
1085 1179 1185 1241 quam

130 1268 194 1332 fuit
217 1289 363 1333 necesse.
412 1270 490 1333 Nen
513 1269 601 1332 enim
624 1269 765 1333 libenter
788 1280 859 1334 erat
882 1280 960 1334 ante
981 1270 1093 1334 ocules
1115 1279 1187 1334 sue

130 1401 202 1445 rum
231 1382 361 1457 civium,
390 1382 480 1465 quod
506 1391 540 1446 et
566 1382 698 1445 vivebat
724 1383 813 1445 laute
839 1393 873 1446 et
900 1383 1094 1464 indulgebat
1124 1383 1187 1446 sibi

130 1494 297 1558 liberelius
313 1515 413 1578 quam
435 1505 472 1559 ut
492 1494 650 1558 invidiam
665 1496 758 1576 vulgi
779 1505 893 1577 posset
916 1496 1077 1577 effugere.
1125 1497 1187 1559 Est

130 1607 218 1671 enim
241 1608 304 1670 hee
320 1615 496 1672 commune
511 1607 627 1671 vitium
644 1615 775 1690 magnis
796 1608 973 1691 liberisque
989 1608 1185 1685 civitatibus,
1210 1641 1239 1677 ιο

130 1731 166 1784 ut
190 1720 313 1784 invidia
336 1720 461 1802 gleriae
482 1740 593 1800 ches
614 1721 666 1795 sit,
683 1730 717 1784 et
740 1721 881 1784 libenter
898 1722 939 1784 de
955 1722 993 1783 iis
1010 1722 1186 1784 detrahant

130 1842 213 1916 ques
238 1833 383 1896 eminere
408 1832 544 1896 videant
568 1832 675 1908 altius,
701 1853 809 1915 neque
834 1833 946 1896 anime
976 1841 1082 1916 aeque
1109 1854 1187 1916 pau-

131 1954 227 2027 peres
244 1946 386 2009 alienam
403 1945 608 2027 opulentiam
628 1945 827 2009 intueantur.
877 1947 996 2028 ltaque
1013 1946 1184 2022 Chabrias

131 2059 240 2140 quoad
265 2069 296 2122 ei
320 2059 449 2133 licebat,
474 2059 652 2140 phirimum
669 2044 800 2121 aberat.
848 2060 967 2141 Neque
991 2066 1070 2122 vere
1096 2060 1186 2122 selus

130 2171 184 2234 ille
210 2172 326 2235 aberat
351 2172 495 2235 Athenis
520 2171 670 2246 libenter,
697 2171 757 2233 sed
783 2178 899 2234 omnes
924 2172 995 2234 fere
1018 2172 1186 2253 principes
1210 2196 1238 2249 15

130 2284 282 2347 iecerunt
300 2283 398 2358 idem,
415 2284 503 2366 quod
522 2292 652 2347 tanturn
674 2290 711 2346 se
730 2283 772 2346 ab
791 2282 915 2347 invidie
934 2283 1096 2365 putebant
1116 2285 1187 2347 efu-

129 2403 222 2459 tt'rres
238 2406 400 2479 quantum
416 2403 436 2458 e
452 2403 635 2477 censpectti
655 2403 791 2459 suerum
810 2395 1017 2459 recesserint.
1067 2397 1186 2478 Itaque

130 2508 248 2572 Conen
283 2509 462 2590 phirimum
494 2509 599 2593 Cypri
627 2508 717 2583 vixit,
751 2494 937 2590 iphicrates
967 2510 1001 2571 in
1031 2509 1185 2586 Threciae,

129 2621 325 2685 Timotheus
344 2620 453 2696 Lesbi,
469 2621 595 2685 Chares
609 2621 707 2701 Sigei,
720 2620 890 2684 dissimilis
907 2620 1041 2704 quidem
1059 2623 1186 2686 Chares

130 2734 246 2796 herum
266 2744 300 2797 et
321 2734 418 2796 factis
439 2742 472 2822 et
493 2733 648 2809 metibus,
667 2733 727 2796 sed
746 2744 858 2797 tamen
875 2734 1020 2797 Athenis
1036 2744 1069 2798 et
1085 2735 1186 2798 hone·
1208 2765 1239 2801 20

129 2853 220 2909 ritus
237 2857 270 2909 et
285 2854 412 2929 potens.
644 2817 679 2836 m

476 3060 529 3106 The
544 3071 647 3106 manner
661 3057 687 3107 of
702 3059 743 3106 his
759 3059 844 3106 death.

176 3203 234 3266 IV.
268 3200 430 3265 Chabries
458 3212 568 3265 autern
600 3201 697 3282 periit
728 3200 816 3263 belle
846 3199 959 3264 socieli
988 3201 1047 3265 teli
1077 3203 1183 3267 mode.

131 3314 386 3396 Opptignebant
402 3314 630 3377 Athenienses
647 3313 778 3377 Chium.
827 3313 909 3377 Erat
928 3315 962 3376 in
978 3315 1085 3379 classe
1102 3316 1186 3380 Cha·

130 3426 217 3491 brias
243 3435 401 3509 privatus,
419 3427 478 3490 sed
499 3430 608 3490 omnis
625 3435 681 3509 qui
700 3426 734 3487 in
750 3425 945 3507 magistretti
963 3437 1058 3491 erant
1076 3437 1187 3493 aucte

130 3539 226 3603 ritate
242 3540 398 3614 anteibat,
413 3560 555 3622 eumque
568 3539 674 3620 magis
687 3539 807 3601 milites
820 3559 919 3621 quam
937 3548 993 3622 qui
1009 3551 1186 3622 praeerant
1207 3557 1238 3610 ²5

131 3652 365 3735 suspiciebant.
407 3651 567 3733 Quaeres
581 3661 611 3714 ei
623 3650 800 3713 methrevit
814 3660 962 3713 mortem.
1004 3653 1092 3714 Nam
1106 3653 1184 3717 dum

295 3793 312 3827 G
