2792 4142
35 4056 42 4087 ‘⁴
29 3871 89 4029 ›ff*

104 4084 113 4099 -.

167 662 173 667 .
255 612 527 674 colenes
551 610 798 673 vellent
830 609 1106 672 mittere.
1177 609 1382 672 Cfiius
1416 629 1613 690 gene-

1078 199 1525 259 MILTIADES
2114 221 2120 232 =
2276 205 2358 278 17

254 394 434 450 cives
483 394 758 466 possent
821 394 923 446 sui
975 385 1176 446 telem
1240 403 1392 446 eum
1456 384 1755 446 futfirum
1818 385 2082 467 quelem
2143 384 2365 464 cegni-

254 509 398 561 tum
460 497 852 573 ifidicerunt,
918 496 1158 559 accidit
1219 506 1293 559 ut
1355 496 1808 559 Athenienses
1872 497 2363 560 Chersonesum

256 725 346 787 ris
398 744 546 787 cum
599 730 882 803 megnus
928 742 1245 784 numerus
1307 730 1485 784 esset
1546 731 1614 785 et

258 837 447 899 multi
522 835 660 898 eius
733 834 1232 916 demigretienis
1306 844 1613 914 peterent

258 949 662 1023 societetem,
727 967 807 1009 ex
868 947 944 1010 iis
1004 947 1244 1010 delecti
1306 947 1611 1028 Delphes

255 1061 691 1124 deliberatum
760 1059 945 1131 missi
1004 1068 1160 1123 sunt
1221 1067 1354 1142 que
1416 1058 1611 1140 potis·
1704 1064 1744 1108 ·'

256 1174 494 1236 simum
564 1173 734 1235 duce
817 1179 1174 1235 fiterentur.
1302 1172 1612 1253 Namque

253 1296 396 1348 tum
476 1286 775 1347 Threces
851 1290 965 1347 ees
1041 1286 1349 1365 regienes
1436 1291 1613 1347 tene-

255 1399 437 1474 bant,
473 1418 623 1461 cum
668 1397 906 1480 quibus
968 1406 1168 1459 armis
1229 1405 1372 1459 erat
1433 1397 1613 1458 dimi-

257 1511 564 1574 candum.
692 1510 820 1572 His
862 1508 1363 1572 censulentibus
1411 1511 1613 1571 nemi-

256 1623 464 1685 nzitim
494 1621 730 1706 Pythia
761 1623 1101 1703 praecepit
1134 1630 1206 1683 ut
1240 1621 1612 1684 Miltiadem
1685 1697 1688 1700 μ

256 1737 726 1816 ἰῐηρετέἰῖὸτεῐῐι
799 1734 922 1797 sibi
993 1741 1361 1809 sfimerent3
1438 1733 1505 1795 id
1561 1743 1616 1795 si

2313 1444 2325 1452 ..
2415 1418 2474 1454 10

258 1848 593 1922 fecissent,
668 1847 935 1928 incepta
986 1854 1307 1927 prespera
1366 1847 1612 1908 futfira.
1862 1905 2156 1942 murmuras

263 1961 415 2022 Hec
448 1960 695 2022 ereculi
726 1966 1054 2040 respense
1101 1958 1439 2020 Miltiades
1466 1977 1615 2020 cum
2415 1984 2473 2038 15

260 2072 514 2134 delecte
546 2079 746 2134 manti
788 2072 1001 2135 classe
1029 2072 1524 2135 Chersonesum
1559 2069 1919 2152 profectuS,
1961 2088 2112 2131 cum
2151 2086 2366 2130 acces-

260 2187 454 2247 sisset
504 2185 842 2247 Lemnum·
883 2194 948 2247 et
994 2184 1248 2247 incoles
1296 2186 1437 2246 eius
1482 2183 1738 2246 insulae
1785 2182 1908 2244 sub
1970 2187 2367 2262 potestetem

260 2296 562 2378 redigere
621 2298 822 2360 vellet
884 2296 1422 2373 Atheniensium,
1487 2295 1688 2377 idque
1761 2304 1834 2357 ut
1913 2294 2175 2356 Lemnii
2250 2300 2371 2355 sue

260 2418 500 2490 sponte
538 2409 843 2472 facerent
886 2409 1308 2490 postulesset,
1345 2410 1440 2470 illi
1475 2408 1840 2470 inridentes
1878 2406 2369 2486 responderunt

259 2531 399 2583 tum
460 2521 528 2583 id
591 2528 662 2583 se
722 2521 1019 2584 faeteres
1073 2542 1223 2584 cum
1285 2521 1394 2583 ille
1449 2521 1647 2582 dorne
1695 2519 1976 2581 nevibus
2024 2519 2368 2600 profectus
2418 2555 2480 2592 20

260 2642 462 2697 vente
508 2633 818 2714 aquilene
864 2633 1158 2697 venisset
1216 2634 1563 2696 Lemnum.
1692 2633 1823 2694 Hic
1890 2633 2065 2694 enim
2130 2640 2369 2693 ventus

263 2746 345 2808 ab
392 2745 981 2827 septemtrienibus
1024 2745 1241 2808 oriens
1290 2745 1642 2808 adversum
1685 2753 1869 2806 tenet
1906 2744 2198 2807 Athenis
2231 2764 2374 2824 pro-

263 2858 728 2921 ficiscentibus,
849 2857 1187 2921 Miltiades
1249 2858 1555 2920 morandi
1606 2867 1874 2938 tempus
1927 2864 2063 2918 nen
2120 2855 2375 2918 habens

266 2991 529 3034 cursum
563 2971 813 3035 derexit
846 2981 978 3054 que
1011 2972 1345 3048 tendebat,
1382 2971 1816 3053 pervenitque
1860 2969 2373 3038 Chersonesum.

376 3155 638 3203 Miltiades
670 3157 874 3203 returns
905 3157 961 3203 to
990 3156 1221 3215 Lemnos,
1254 3158 1351 3203 and
1382 3157 1557 3217 brings
1588 3157 1632 3204 it
1662 3158 1818 3203 under
1847 3156 2102 3204 Athenian
2131 3159 2256 3205 rulo.

351 3292 442 3353 II.
512 3292 617 3355 Ibi
646 3291 833 3355 brevi
860 3301 1161 3374 tempore
1193 3293 1626 3357 barbarerum
1659 3294 1865 3375 cepiis
1895 3293 2188 3358 disiectis
2232 3302 2373 3358 tete
2422 3321 2481 3376 25

262 3403 532 3485 regiene
605 3425 805 3487 quam
880 3404 1166 3486 petierat
1231 3416 1499 3488 potituS,
1570 3407 1716 3470 loca
1782 3409 2072 3471 castellis
2132 3408 2373 3471 idenea

262 3517 672 3594 commeniit,
713 3518 1206 3582 multitfidinem
1253 3540 1452 3601 quarn
1497 3527 1721 3583 secum
1765 3520 2043 3584 dfixerat
2086 3521 2151 3583 in
2197 3530 2375 3601 agris

264 3629 635 3693 conlocevit
668 3630 1049 3715 crebrisque
1083 3632 1586 3695 excursienibus
1619 3634 2063 3715 locupletevit.
2136 3634 2376 3715 Neque

594 3767 629 3806 C
