<?xml version="1.0" encoding="UTF-8"?>
<!DOCTYPE html PUBLIC "-//W3C//DTD XHTML 1.0 Transitional//EN"
    "http://www.w3.org/TR/xhtml1/DTD/xhtml1-transitional.dtd">
<html xmlns="http://www.w3.org/1999/xhtml" xml:lang="en" lang="en">
 <head>
  <title>
</title>
<meta http-equiv="Content-Type" content="text/html;charset=utf-8" />
  <meta name='ocr-system' content='tesseract 3.04.00' />
  <meta name='ocr-capabilities' content='ocr_page ocr_carea ocr_par ocr_line ocrx_word'/>
</head>
<body>
  <div class='ocr_page' id='page_1' title='image "./twentylives00barsgoog_0143.png"; bbox 0 0 2792 4142; ppageno 0'>
   <div class='ocr_carea' id='block_1_1' title="bbox 26 3188 123 3269">
    <p class='ocr_par' dir='ltr' id='par_1_1' title="bbox 26 3188 123 3269">
     <span class='ocr_line' id='line_1_1' title="bbox 26 3188 123 3269; baseline 0 -40"><span class='ocrx_word' id='word_1_1' title='bbox 26 3188 123 3269; x_wconf 55' lang='grc' dir='ltr'>ΙΙ</span> 
     </span>
    </p>
   </div>
   <div class='ocr_carea' id='block_1_2' title="bbox 559 217 1199 300">
    <p class='ocr_par' dir='ltr' id='par_1_2' title="bbox 559 217 1199 300">
     <span class='ocr_line' id='line_1_2' title="bbox 559 217 1199 300; baseline 0.005 -25"><span class='ocrx_word' id='word_1_2' title='bbox 559 217 781 276; x_wconf 75' lang='lat' dir='ltr'>nuntiem</span> <span class='ocrx_word' id='word_1_3' title='bbox 1126 229 1199 300; x_wconf 88' lang='lat'>117·</span> 
     </span>
    </p>
   </div>
   <div class='ocr_carea' id='block_1_3' title="bbox 143 388 1197 709">
    <p class='ocr_par' dir='ltr' id='par_1_3' title="bbox 143 388 1197 709">
     <span class='ocr_line' id='line_1_3' title="bbox 188 388 1197 487; baseline -0.002 -21"><span class='ocrx_word' id='word_1_4' title='bbox 188 405 255 466; x_wconf 84' lang='lat' dir='ltr'>Hic</span> <span class='ocrx_word' id='word_1_5' title='bbox 285 423 361 466; x_wconf 95' lang='lat' dir='ltr'>cum</span> <span class='ocrx_word' id='word_1_6' title='bbox 392 401 479 465; x_wconf 89' lang='lat' dir='ltr'>diem</span> <span class='ocrx_word' id='word_1_7' title='bbox 511 388 703 485; x_wconf 87' lang='lat' dir='ltr'>supremum</span> <span class='ocrx_word' id='word_1_8' title='bbox 734 403 866 478; x_wconf 83' lang='lat' dir='ltr'>obisset,</span> <span class='ocrx_word' id='word_1_9' title='bbox 895 402 1027 484; x_wconf 81' lang='lat' dir='ltr'>pirblice</span> <span class='ocrx_word' id='word_1_10' title='bbox 1054 409 1073 465; x_wconf 76' lang='lat' dir='ltr'>a&#39;a</span> <span class='ocrx_word' id='word_1_11' title='bbox 1100 402 1197 487; x_wconf 72' lang='lat' dir='ltr'>Syre·</span> 
     </span>
     <span class='ocr_line' id='line_1_4' title="bbox 143 514 1197 600; baseline -0.002 -21"><span class='ocrx_word' id='word_1_12' title='bbox 143 524 276 580; x_wconf 78' lang='lat' dir='ltr'>cirsa&#39;mis</span> <span class='ocrx_word' id='word_1_13' title='bbox 292 517 325 580; x_wconf 92' lang='lat' dir='ltr'>in</span> <span class='ocrx_word' id='word_1_14' title='bbox 342 517 518 600; x_wconf 79' lang='lat' dir='ltr'>gymnasie</span> <span class='ocrx_word' id='word_1_15' title='bbox 534 516 623 598; x_wconf 94' lang='lat' dir='ltr'>quod</span> <span class='ocrx_word' id='word_1_16' title='bbox 641 515 906 579; x_wconf 82' lang='lat' dir='ltr'>Timoleonteum</span> <span class='ocrx_word' id='word_1_17' title='bbox 924 514 1111 597; x_wconf 68' lang='lat' dir='ltr'><strong>appellitur</strong></span> <span class='ocrx_word' id='word_1_18' title='bbox 1126 520 1197 578; x_wconf 74' lang='lat' dir='ltr'>tete</span> 
     </span>
     <span class='ocr_line' id='line_1_5' title="bbox 143 626 704 709; baseline -0.004 -17"><span class='ocrx_word' id='word_1_19' title='bbox 143 628 332 692; x_wconf 85' lang='lat' dir='ltr'>celebrante</span> <span class='ocrx_word' id='word_1_20' title='bbox 349 626 460 692; x_wconf 80' lang='lat' dir='ltr'>Sicilia</span> <span class='ocrx_word' id='word_1_21' title='bbox 477 628 628 709; x_wconf 93' lang='lat' dir='ltr'>sepultus</span> <span class='ocrx_word' id='word_1_22' title='bbox 644 637 704 690; x_wconf 88' lang='lat' dir='ltr'>est.</span> 
     </span>
    </p>
   </div>
   <div class='ocr_carea' id='block_1_4' title="bbox 601 847 739 874">
    <p class='ocr_par' dir='ltr' id='par_1_4' title="bbox 601 847 739 874">
     <span class='ocr_line' id='line_1_6' title="bbox 601 847 739 874; baseline 0 0"><span class='ocrx_word' id='word_1_23' title='bbox 601 847 739 874; x_wconf 80' lang='grc' dir='ltr'><strong><em>-οοο-</em></strong></span> 
     </span>
    </p>
   </div>
   <div class='ocr_carea' id='block_1_5' title="bbox 142 1009 1257 2974">
    <p class='ocr_par' dir='ltr' id='par_1_5' title="bbox 520 1009 821 1247">
     <span class='ocr_line' id='line_1_7' title="bbox 520 1009 821 1082; baseline -0.003 -1"><span class='ocrx_word' id='word_1_24' title='bbox 520 1009 821 1082; x_wconf 91' lang='lat' dir='ltr'>HAMILCAR</span> 
     </span>
     <span class='ocr_line' id='line_1_8' title="bbox 536 1188 804 1247; baseline -0.004 -12"><span class='ocrx_word' id='word_1_25' title='bbox 536 1188 662 1235; x_wconf 77' lang='lat' dir='ltr'><strong>Hamilcar</strong></span> <span class='ocrx_word' id='word_1_26' title='bbox 675 1189 702 1234; x_wconf 87' lang='lat' dir='ltr'>in</span> <span class='ocrx_word' id='word_1_27' title='bbox 717 1189 804 1247; x_wconf 86' lang='lat' dir='ltr'><strong>Sicily.</strong></span> 
     </span>
    </p>

    <p class='ocr_par' dir='ltr' id='par_1_6' title="bbox 142 1315 1257 2974">
     <span class='ocr_line' id='line_1_9' title="bbox 189 1315 1197 1397; baseline 0 -19"><span class='ocrx_word' id='word_1_28' title='bbox 189 1316 214 1379; x_wconf 94' lang='lat' dir='ltr'>I.</span> <span class='ocrx_word' id='word_1_29' title='bbox 239 1315 421 1392; x_wconf 85' lang='lat' dir='ltr'>Hamilcar,</span> <span class='ocrx_word' id='word_1_30' title='bbox 437 1315 638 1378; x_wconf 85' lang='lat' dir='ltr'>Hannibalis</span> <span class='ocrx_word' id='word_1_31' title='bbox 656 1316 755 1391; x_wconf 82' lang='lat' dir='ltr'>tilius,</span> <span class='ocrx_word' id='word_1_32' title='bbox 769 1315 967 1397; x_wconf 78' lang='lat' dir='ltr'>cegnemine</span> <span class='ocrx_word' id='word_1_33' title='bbox 984 1316 1099 1390; x_wconf 88' lang='lat' dir='ltr'>Barca,</span> <span class='ocrx_word' id='word_1_34' title='bbox 1114 1315 1197 1378; x_wconf 90' lang='lat' dir='ltr'>Kar-</span> 
     </span>
     <span class='ocr_line' id='line_1_10' title="bbox 142 1426 1255 1510; baseline -0.002 -19"><span class='ocrx_word' id='word_1_35' title='bbox 142 1429 371 1510; x_wconf 58' lang='lat' dir='ltr'>thaginiensis,</span> <span class='ocrx_word' id='word_1_36' title='bbox 404 1437 510 1510; x_wconf 81' lang='lat' dir='ltr'>prime</span> <span class='ocrx_word' id='word_1_37' title='bbox 542 1428 667 1490; x_wconf 73' lang='lat' dir='ltr'>Pinice</span> <span class='ocrx_word' id='word_1_38' title='bbox 692 1426 789 1503; x_wconf 83' lang='lat' dir='ltr'>belle,</span> <span class='ocrx_word' id='word_1_39' title='bbox 822 1429 880 1491; x_wconf 87' lang='lat' dir='ltr'>sed</span> <span class='ocrx_word' id='word_1_40' title='bbox 911 1427 1116 1509; x_wconf 86' lang='lat' dir='ltr'>temporibus</span> <span class='ocrx_word' id='word_1_41' title='bbox 1146 1448 1199 1491; x_wconf 86' lang='lat' dir='ltr'>ex·</span> <span class='ocrx_word' id='word_1_42' title='bbox 1241 1447 1255 1502; x_wconf 81' lang='lat'>5</span> 
     </span>
     <span class='ocr_line' id='line_1_11' title="bbox 142 1539 1197 1622; baseline 0.001 -20"><span class='ocrx_word' id='word_1_43' title='bbox 142 1548 265 1616; x_wconf 79' lang='lat' dir='ltr'>tremis,</span> <span class='ocrx_word' id='word_1_44' title='bbox 297 1541 477 1603; x_wconf 85' lang='lat' dir='ltr'>admodum</span> <span class='ocrx_word' id='word_1_45' title='bbox 515 1539 784 1603; x_wconf 88' lang='lat' dir='ltr'>adulescentulus</span> <span class='ocrx_word' id='word_1_46' title='bbox 820 1542 854 1602; x_wconf 93' lang='lat' dir='ltr'>in</span> <span class='ocrx_word' id='word_1_47' title='bbox 893 1539 1005 1603; x_wconf 77' lang='lat' dir='ltr'>Sicilia</span> <span class='ocrx_word' id='word_1_48' title='bbox 1042 1559 1197 1622; x_wconf 88' lang='lat' dir='ltr'>praeesse</span> 
     </span>
     <span class='ocr_line' id='line_1_12' title="bbox 143 1653 1197 1734; baseline -0.001 -18"><span class='ocrx_word' id='word_1_49' title='bbox 143 1653 254 1734; x_wconf 86' lang='lat' dir='ltr'>coepit</span> <span class='ocrx_word' id='word_1_50' title='bbox 275 1655 443 1716; x_wconf 84' lang='lat' dir='ltr'>exercitui.</span> <span class='ocrx_word' id='word_1_51' title='bbox 491 1653 579 1717; x_wconf 86' lang='lat' dir='ltr'>Cum·</span> <span class='ocrx_word' id='word_1_52' title='bbox 601 1662 678 1715; x_wconf 87' lang='lat' dir='ltr'>ante</span> <span class='ocrx_word' id='word_1_53' title='bbox 702 1653 773 1715; x_wconf 92' lang='lat' dir='ltr'>eius</span> <span class='ocrx_word' id='word_1_54' title='bbox 796 1653 976 1715; x_wconf 87' lang='lat' dir='ltr'>adventum</span> <span class='ocrx_word' id='word_1_55' title='bbox 1000 1661 1034 1715; x_wconf 96' lang='lat' dir='ltr'>et</span> <span class='ocrx_word' id='word_1_56' title='bbox 1056 1662 1139 1714; x_wconf 88' lang='lat' dir='ltr'>mari</span> <span class='ocrx_word' id='word_1_57' title='bbox 1163 1663 1197 1715; x_wconf 92' lang='lat' dir='ltr'>et</span> 
     </span>
     <span class='ocr_line' id='line_1_13' title="bbox 143 1764 1197 1846; baseline -0.002 -18"><span class='ocrx_word' id='word_1_58' title='bbox 143 1772 230 1828; x_wconf 70' lang='lat' dir='ltr'>terre</span> <span class='ocrx_word' id='word_1_59' title='bbox 261 1765 347 1828; x_wconf 92' lang='lat' dir='ltr'>male</span> <span class='ocrx_word' id='word_1_60' title='bbox 371 1773 423 1827; x_wconf 86' lang='lat' dir='ltr'>res</span> <span class='ocrx_word' id='word_1_61' title='bbox 446 1774 641 1846; x_wconf 85' lang='lat' dir='ltr'>gererentur</span> <span class='ocrx_word' id='word_1_62' title='bbox 674 1764 1014 1845; x_wconf 75' lang='lat' dir='ltr'>Karthaginiensium,</span> <span class='ocrx_word' id='word_1_63' title='bbox 1039 1765 1110 1846; x_wconf 92' lang='lat' dir='ltr'>ipse</span> <span class='ocrx_word' id='word_1_64' title='bbox 1141 1764 1197 1827; x_wconf 90' lang='lat' dir='ltr'>ubi</span> 
     </span>
     <span class='ocr_line' id='line_1_14' title="bbox 144 1877 1195 1959; baseline -0.001 -20"><span class='ocrx_word' id='word_1_65' title='bbox 144 1877 252 1939; x_wconf 82' lang='lat' dir='ltr'>adfuit</span> <span class='ocrx_word' id='word_1_66' title='bbox 267 1897 449 1959; x_wconf 88' lang='lat' dir='ltr'>numquam</span> <span class='ocrx_word' id='word_1_67' title='bbox 467 1877 555 1941; x_wconf 85' lang='lat' dir='ltr'>hosti</span> <span class='ocrx_word' id='word_1_68' title='bbox 570 1879 669 1940; x_wconf 90' lang='lat' dir='ltr'>cessit</span> <span class='ocrx_word' id='word_1_69' title='bbox 685 1897 793 1958; x_wconf 87' lang='lat' dir='ltr'>neque</span> <span class='ocrx_word' id='word_1_70' title='bbox 815 1878 923 1940; x_wconf 92' lang='lat' dir='ltr'>locum</span> <span class='ocrx_word' id='word_1_71' title='bbox 939 1877 1082 1940; x_wconf 89' lang='lat' dir='ltr'>nocendi</span> <span class='ocrx_word' id='word_1_72' title='bbox 1096 1877 1195 1952; x_wconf 92' lang='lat' dir='ltr'>dedit,</span> 
     </span>
     <span class='ocr_line' id='line_1_15' title="bbox 144 1990 1257 2071; baseline -0.004 -19"><span class='ocrx_word' id='word_1_73' title='bbox 144 2009 312 2071; x_wconf 89' lang='lat' dir='ltr'>saepeque</span> <span class='ocrx_word' id='word_1_74' title='bbox 325 1997 343 2052; x_wconf 88' lang='lat' dir='ltr'>e</span> <span class='ocrx_word' id='word_1_75' title='bbox 355 1991 520 2053; x_wconf 59' lang='lat' dir='ltr'>contrarie</span> <span class='ocrx_word' id='word_1_76' title='bbox 533 1991 708 2053; x_wconf 68' lang='lat' dir='ltr'>occesiene</span> <span class='ocrx_word' id='word_1_77' title='bbox 724 1990 802 2052; x_wconf 75' lang='lat' dir='ltr'>date</span> <span class='ocrx_word' id='word_1_78' title='bbox 818 1990 984 2053; x_wconf 83' lang='lat' dir='ltr'>lacessivit</span> <span class='ocrx_word' id='word_1_79' title='bbox 1000 2009 1197 2071; x_wconf 83' lang='lat' dir='ltr'>semperque</span> <span class='ocrx_word' id='word_1_80' title='bbox 1227 2013 1257 2049; x_wconf 88' lang='lat'>10</span> 
     </span>
     <span class='ocr_line' id='line_1_16' title="bbox 145 2102 1197 2185; baseline -0.002 -20"><span class='ocrx_word' id='word_1_81' title='bbox 145 2103 296 2184; x_wconf 92' lang='lat' dir='ltr'>superior</span> <span class='ocrx_word' id='word_1_82' title='bbox 326 2102 487 2166; x_wconf 89' lang='lat' dir='ltr'>discessit.</span> <span class='ocrx_word' id='word_1_83' title='bbox 553 2103 631 2185; x_wconf 81' lang='lat' dir='ltr'>Que</span> <span class='ocrx_word' id='word_1_84' title='bbox 655 2103 755 2178; x_wconf 82' lang='lat' dir='ltr'>lacte,</span> <span class='ocrx_word' id='word_1_85' title='bbox 782 2123 857 2165; x_wconf 92' lang='lat' dir='ltr'>cum</span> <span class='ocrx_word' id='word_1_86' title='bbox 884 2123 991 2184; x_wconf 91' lang='lat' dir='ltr'>paene</span> <span class='ocrx_word' id='word_1_87' title='bbox 1022 2102 1133 2165; x_wconf 90' lang='lat' dir='ltr'>omnia</span> <span class='ocrx_word' id='word_1_88' title='bbox 1163 2102 1197 2163; x_wconf 91' lang='lat' dir='ltr'>in</span> 
     </span>
     <span class='ocr_line' id='line_1_17' title="bbox 145 2215 1199 2299; baseline -0.003 -20"><span class='ocrx_word' id='word_1_89' title='bbox 145 2215 257 2279; x_wconf 73' lang='lat' dir='ltr'>Sicilie</span> <span class='ocrx_word' id='word_1_90' title='bbox 289 2216 391 2279; x_wconf 82' lang='lat' dir='ltr'>Poeni</span> <span class='ocrx_word' id='word_1_91' title='bbox 418 2215 617 2292; x_wconf 69' lang='lat' dir='ltr'>emisissent,</span> <span class='ocrx_word' id='word_1_92' title='bbox 643 2216 697 2278; x_wconf 93' lang='lat' dir='ltr'>ille</span> <span class='ocrx_word' id='word_1_93' title='bbox 730 2216 872 2299; x_wconf 87' lang='lat' dir='ltr'>Erycem</span> <span class='ocrx_word' id='word_1_94' title='bbox 904 2226 950 2278; x_wconf 79' lang='lat' dir='ltr'>sic</span> <span class='ocrx_word' id='word_1_95' title='bbox 981 2215 1131 2277; x_wconf 81' lang='lat' dir='ltr'>defendit</span> <span class='ocrx_word' id='word_1_96' title='bbox 1162 2223 1199 2276; x_wconf 93' lang='lat' dir='ltr'>ut</span> 
     </span>
     <span class='ocr_line' id='line_1_18' title="bbox 144 2328 1198 2417; baseline -0.002 -26"><span class='ocrx_word' id='word_1_97' title='bbox 144 2329 267 2391; x_wconf 93' lang='lat' dir='ltr'>bellum</span> <span class='ocrx_word' id='word_1_98' title='bbox 284 2337 324 2391; x_wconf 78' lang='lat' dir='ltr'>ee</span> <span class='ocrx_word' id='word_1_99' title='bbox 340 2329 412 2392; x_wconf 79' lang='lat' dir='ltr'>loce</span> <span class='ocrx_word' id='word_1_100' title='bbox 436 2338 568 2417; x_wconf 83' lang='lat' dir='ltr'>gestum</span> <span class='ocrx_word' id='word_1_101' title='bbox 588 2337 654 2390; x_wconf 75' lang='lat' dir='ltr'>urin</span> <span class='ocrx_word' id='word_1_102' title='bbox 671 2328 846 2390; x_wconf 90' lang='lat' dir='ltr'>videretur.</span> <span class='ocrx_word' id='word_1_103' title='bbox 895 2329 1033 2390; x_wconf 86' lang='lat' dir='ltr'>interim</span> <span class='ocrx_word' id='word_1_104' title='bbox 1057 2328 1198 2390; x_wconf 73' lang='lat' dir='ltr'>Karthai-</span> 
     </span>
     <span class='ocr_line' id='line_1_19' title="bbox 144 2424 1198 2523; baseline -0.001 -20"><span class='ocrx_word' id='word_1_105' title='bbox 144 2443 313 2523; x_wconf 87' lang='lat' dir='ltr'>ginienses</span> <span class='ocrx_word' id='word_1_106' title='bbox 330 2442 382 2519; x_wconf 88' lang='lat' dir='ltr'>cla</span> <span class='ocrx_word' id='word_1_107' title='bbox 418 2424 542 2523; x_wconf 77' lang='lat' dir='ltr'>capud</span> <span class='ocrx_word' id='word_1_108' title='bbox 562 2442 688 2504; x_wconf 73' lang='lat' dir='ltr'>insulas</span> <span class='ocrx_word' id='word_1_109' title='bbox 704 2440 855 2521; x_wconf 75' lang='lat' dir='ltr'>Aegates</span> <span class='ocrx_word' id='word_1_110' title='bbox 871 2447 889 2502; x_wconf 77' lang='lat' dir='ltr'>ai</span> <span class='ocrx_word' id='word_1_111' title='bbox 907 2441 943 2504; x_wconf 89' lang='lat' dir='ltr'>C.</span> <span class='ocrx_word' id='word_1_112' title='bbox 963 2440 1106 2515; x_wconf 71' lang='lat' dir='ltr'>Lutetir&#39;r,</span> <span class='ocrx_word' id='word_1_113' title='bbox 1124 2448 1198 2502; x_wconf 78' lang='lat' dir='ltr'>cen-</span> 
     </span>
     <span class='ocr_line' id='line_1_20' title="bbox 145 2432 1257 2639; baseline -0.004 -23"><span class='ocrx_word' id='word_1_114' title='bbox 145 2554 215 2617; x_wconf 90' lang='lat' dir='ltr'>sule</span> <span class='ocrx_word' id='word_1_115' title='bbox 238 2432 474 2639; x_wconf 43' lang='lat' dir='ltr'>Rooflfodim,</span> <span class='ocrx_word' id='word_1_116' title='bbox 492 2561 640 2636; x_wconf 75' lang='lat' dir='ltr'>supereti</span> <span class='ocrx_word' id='word_1_117' title='bbox 663 2561 850 2616; x_wconf 90' lang='lat' dir='ltr'>statuerunt</span> <span class='ocrx_word' id='word_1_118' title='bbox 872 2552 951 2615; x_wconf 88' lang='lat' dir='ltr'>belli</span> <span class='ocrx_word' id='word_1_119' title='bbox 965 2552 1077 2616; x_wconf 82' lang='lat' dir='ltr'>facere</span> <span class='ocrx_word' id='word_1_120' title='bbox 1093 2553 1197 2615; x_wconf 82' lang='lat' dir='ltr'>finem</span> <span class='ocrx_word' id='word_1_121' title='bbox 1228 2576 1257 2629; x_wconf 75' lang='grc' dir='ltr'>ις</span> 
     </span>
     <span class='ocr_line' id='line_1_21' title="bbox 144 2665 1199 2748; baseline -0.001 -19"><span class='ocrx_word' id='word_1_122' title='bbox 144 2686 285 2748; x_wconf 87' lang='lat' dir='ltr'>eamque</span> <span class='ocrx_word' id='word_1_123' title='bbox 301 2686 369 2730; x_wconf 93' lang='lat' dir='ltr'>rem</span> <span class='ocrx_word' id='word_1_124' title='bbox 395 2667 531 2730; x_wconf 82' lang='lat' dir='ltr'>arbitrie</span> <span class='ocrx_word' id='word_1_125' title='bbox 554 2674 775 2748; x_wconf 84' lang='lat' dir='ltr'>permiserunt</span> <span class='ocrx_word' id='word_1_126' title='bbox 800 2665 1010 2728; x_wconf 83' lang='lat' dir='ltr'>Hamilcaris</span> <span class='ocrx_word' id='word_1_127' title='bbox 1059 2665 1119 2728; x_wconf 92' lang='lat' dir='ltr'>Ille</span> <span class='ocrx_word' id='word_1_128' title='bbox 1136 2675 1199 2728; x_wconf 83' lang='lat' dir='ltr'>etsi</span> 
     </span>
     <span class='ocr_line' id='line_1_22' title="bbox 146 2777 1198 2861; baseline 0 -22"><span class='ocrx_word' id='word_1_129' title='bbox 146 2778 307 2860; x_wconf 70' lang='lat' dir='ltr'>flagrebat</span> <span class='ocrx_word' id='word_1_130' title='bbox 339 2779 487 2842; x_wconf 87' lang='lat' dir='ltr'>bellandi</span> <span class='ocrx_word' id='word_1_131' title='bbox 516 2779 706 2861; x_wconf 57' lang='lat' dir='ltr'>cupiditate,</span> <span class='ocrx_word' id='word_1_132' title='bbox 739 2788 851 2840; x_wconf 88' lang='lat' dir='ltr'>tamen</span> <span class='ocrx_word' id='word_1_133' title='bbox 882 2784 958 2859; x_wconf 69' lang='lat' dir='ltr'>pici</span> <span class='ocrx_word' id='word_1_134' title='bbox 988 2777 1198 2841; x_wconf 91' lang='lat' dir='ltr'>serviendum</span> 
     </span>
     <span class='ocr_line' id='line_1_23' title="bbox 146 2890 1198 2974; baseline -0.001 -20"><span class='ocrx_word' id='word_1_135' title='bbox 146 2891 283 2971; x_wconf 67' lang='lat' dir='ltr'>putevit,</span> <span class='ocrx_word' id='word_1_136' title='bbox 315 2891 404 2974; x_wconf 93' lang='lat' dir='ltr'>quod</span> <span class='ocrx_word' id='word_1_137' title='bbox 442 2891 582 2972; x_wconf 90' lang='lat' dir='ltr'>patriam</span> <span class='ocrx_word' id='word_1_138' title='bbox 614 2892 810 2954; x_wconf 89' lang='lat' dir='ltr'>exhaustam</span> <span class='ocrx_word' id='word_1_139' title='bbox 849 2890 1037 2971; x_wconf 80' lang='lat' dir='ltr'>sumptibus</span> <span class='ocrx_word' id='word_1_140' title='bbox 1075 2890 1198 2953; x_wconf 81' lang='lat' dir='ltr'>diritius</span> 
     </span>
    </p>
   </div>
   <div class='ocr_carea' id='block_1_6' title="bbox 146 3002 1258 3197">
    <p class='ocr_par' dir='ltr' id='par_1_7' title="bbox 146 3002 1258 3197">
     <span class='ocr_line' id='line_1_24' title="bbox 146 3002 1199 3085; baseline 0 -21"><span class='ocrx_word' id='word_1_141' title='bbox 146 3003 350 3066; x_wconf 73' lang='lat' dir='ltr'>calamitates</span> <span class='ocrx_word' id='word_1_142' title='bbox 373 3003 451 3066; x_wconf 84' lang='lat' dir='ltr'>belli</span> <span class='ocrx_word' id='word_1_143' title='bbox 474 3004 561 3066; x_wconf 85' lang='lat' dir='ltr'>ferre</span> <span class='ocrx_word' id='word_1_144' title='bbox 585 3012 652 3065; x_wconf 83' lang='lat' dir='ltr'>nen</span> <span class='ocrx_word' id='word_1_145' title='bbox 680 3023 780 3085; x_wconf 87' lang='lat' dir='ltr'>posse</span> <span class='ocrx_word' id='word_1_146' title='bbox 803 3002 1018 3084; x_wconf 85' lang='lat' dir='ltr'>intellegebat</span> <span class='ocrx_word' id='word_1_147' title='bbox 1031 3024 1038 3078; x_wconf 89' lang='lat'>;</span> <span class='ocrx_word' id='word_1_148' title='bbox 1071 3003 1129 3065; x_wconf 91' lang='lat' dir='ltr'>sed</span> <span class='ocrx_word' id='word_1_149' title='bbox 1153 3003 1199 3065; x_wconf 92' lang='lat' dir='ltr'>ita</span> 
     </span>
     <span class='ocr_line' id='line_1_25' title="bbox 147 3115 1258 3197; baseline -0.002 -20"><span class='ocrx_word' id='word_1_150' title='bbox 147 3124 181 3177; x_wconf 92' lang='lat' dir='ltr'>ut</span> <span class='ocrx_word' id='word_1_151' title='bbox 206 3116 316 3178; x_wconf 91' lang='lat' dir='ltr'>statim</span> <span class='ocrx_word' id='word_1_152' title='bbox 345 3126 456 3178; x_wconf 91' lang='lat' dir='ltr'>mente</span> <span class='ocrx_word' id='word_1_153' title='bbox 484 3115 634 3196; x_wconf 78' lang='lat' dir='ltr'>agitaret,</span> <span class='ocrx_word' id='word_1_154' title='bbox 661 3125 689 3177; x_wconf 84' lang='lat' dir='ltr'>si</span> <span class='ocrx_word' id='word_1_155' title='bbox 717 3116 853 3197; x_wconf 90' lang='lat' dir='ltr'>paulum</span> <span class='ocrx_word' id='word_1_156' title='bbox 881 3116 979 3178; x_wconf 91' lang='lat' dir='ltr'>modo</span> <span class='ocrx_word' id='word_1_157' title='bbox 1006 3122 1058 3177; x_wconf 89' lang='lat' dir='ltr'>res</span> <span class='ocrx_word' id='word_1_158' title='bbox 1085 3124 1197 3178; x_wconf 92' lang='lat' dir='ltr'>essent</span> <span class='ocrx_word' id='word_1_159' title='bbox 1227 3141 1258 3175; x_wconf 89' lang='lat'>20</span> 
     </span>
    </p>
   </div>
   <div class='ocr_carea' id='block_1_7' title="bbox 143 3275 1199 3754">
    <p class='ocr_par' dir='ltr' id='par_1_8' title="bbox 143 3275 1199 3754">
     <span class='ocr_line' id='line_1_26' title="bbox 184 3275 1198 3340; baseline 0 -15"><span class='ocrx_word' id='word_1_160' title='bbox 184 3289 207 3339; x_wconf 81' lang='lat'>3.</span> <span class='ocrx_word' id='word_1_161' title='bbox 225 3276 414 3326; x_wconf 81' lang='lat' dir='ltr'>celebrante:</span> <span class='ocrx_word' id='word_1_162' title='bbox 446 3277 583 3340; x_wconf 77' lang='lat' dir='ltr'>attending.</span> <span class='ocrx_word' id='word_1_163' title='bbox 629 3292 653 3337; x_wconf 89' lang='lat'>4.</span> <span class='ocrx_word' id='word_1_164' title='bbox 677 3275 871 3339; x_wconf 71' lang='lat' dir='ltr'>cegnemlne:</span> <span class='ocrx_word' id='word_1_165' title='bbox 903 3292 1032 3325; x_wconf 81' lang='lat' dir='ltr'>surname.</span> <span class='ocrx_word' id='word_1_166' title='bbox 1079 3289 1102 3340; x_wconf 88' lang='lat'>5.</span> <span class='ocrx_word' id='word_1_167' title='bbox 1124 3279 1198 3326; x_wconf 83' lang='lat' dir='ltr'>tem-</span> 
     </span>
     <span class='ocr_line' id='line_1_27' title="bbox 143 3358 1197 3420; baseline 0 -13"><span class='ocrx_word' id='word_1_168' title='bbox 143 3359 269 3420; x_wconf 77' lang='lat' dir='ltr'>poribus</span> <span class='ocrx_word' id='word_1_169' title='bbox 280 3359 443 3408; x_wconf 65' lang='lat' dir='ltr'>extremis:</span> <span class='ocrx_word' id='word_1_170' title='bbox 462 3359 501 3407; x_wconf 89' lang='lat' dir='ltr'>i.e.</span> <span class='ocrx_word' id='word_1_171' title='bbox 513 3358 592 3407; x_wconf 73' lang='lat' dir='ltr'>Irritus</span> <span class='ocrx_word' id='word_1_172' title='bbox 604 3359 667 3407; x_wconf 78' lang='lat' dir='ltr'>belli.</span> <span class='ocrx_word' id='word_1_173' title='bbox 693 3360 715 3407; x_wconf 88' lang='lat'>6.</span> <span class='ocrx_word' id='word_1_174' title='bbox 728 3360 906 3408; x_wconf 83' lang='lat' dir='ltr'>admodum:</span> <span class='ocrx_word' id='word_1_175' title='bbox 921 3376 937 3406; x_wconf 88' lang='grc' dir='ltr'><em>α</em></span> <span class='ocrx_word' id='word_1_176' title='bbox 950 3375 1023 3407; x_wconf 81' lang='lat' dir='ltr'>mere.</span> <span class='ocrx_word' id='word_1_177' title='bbox 1046 3359 1197 3420; x_wconf 77' lang='lat' dir='ltr'>9.100umz</span> 
     </span>
     <span class='ocr_line' id='line_1_28' title="bbox 143 3441 1199 3506; baseline 0 -16"><span class='ocrx_word' id='word_1_178' title='bbox 143 3442 313 3506; x_wconf 76' lang='lat' dir='ltr'>opportunity.</span> <span class='ocrx_word' id='word_1_179' title='bbox 361 3454 397 3490; x_wconf 89' lang='lat'>10.</span> <span class='ocrx_word' id='word_1_180' title='bbox 415 3441 587 3491; x_wconf 76' lang='lat' dir='ltr'>lacessivit:</span> <span class='ocrx_word' id='word_1_181' title='bbox 603 3441 728 3489; x_wconf 80' lang='lat' dir='ltr'>korossed</span> <span class='ocrx_word' id='word_1_182' title='bbox 734 3459 745 3497; x_wconf 74' lang='lat'>,¹</span> <span class='ocrx_word' id='word_1_183' title='bbox 763 3457 798 3490; x_wconf 90' lang='lat' dir='ltr'>sc.</span> <span class='ocrx_word' id='word_1_184' title='bbox 810 3444 861 3504; x_wconf 81' lang='lat' dir='ltr'>ipse</span> <span class='ocrx_word' id='word_1_185' title='bbox 878 3479 884 3490; x_wconf 91' lang='lat'>.</span> <span class='ocrx_word' id='word_1_186' title='bbox 903 3478 909 3490; x_wconf 90' lang='lat'>.</span> <span class='ocrx_word' id='word_1_187' title='bbox 928 3479 934 3490; x_wconf 91' lang='lat'>.</span> <span class='ocrx_word' id='word_1_188' title='bbox 951 3442 1029 3489; x_wconf 77' lang='lat' dir='ltr'>hortis.</span> <span class='ocrx_word' id='word_1_189' title='bbox 1076 3442 1111 3490; x_wconf 86' lang='lat'>16.</span> <span class='ocrx_word' id='word_1_190' title='bbox 1134 3454 1199 3503; x_wconf 82' lang='lat' dir='ltr'>per·</span> 
     </span>
     <span class='ocr_line' id='line_1_29' title="bbox 143 3524 1197 3589; baseline -0.003 -15"><span class='ocrx_word' id='word_1_191' title='bbox 143 3525 306 3574; x_wconf 71' lang='lat' dir='ltr'>miserunt:</span> <span class='ocrx_word' id='word_1_192' title='bbox 322 3524 455 3572; x_wconf 82' lang='lat' dir='ltr'>intrusted.</span> <span class='ocrx_word' id='word_1_193' title='bbox 493 3537 530 3587; x_wconf 84' lang='lat'>17.</span> <span class='ocrx_word' id='word_1_194' title='bbox 544 3525 750 3574; x_wconf 78' lang='lat' dir='ltr'>serviendum:</span> <span class='ocrx_word' id='word_1_195' title='bbox 766 3525 796 3572; x_wconf 73' lang='lat' dir='ltr'>lte</span> <span class='ocrx_word' id='word_1_196' title='bbox 808 3525 883 3588; x_wconf 79' lang='lat' dir='ltr'>ought</span> <span class='ocrx_word' id='word_1_197' title='bbox 893 3531 915 3572; x_wconf 90' lang='lat' dir='ltr'>to</span> <span class='ocrx_word' id='word_1_198' title='bbox 926 3525 1064 3589; x_wconf 80' lang='lat' dir='ltr'>strivefor.</span> <span class='ocrx_word' id='word_1_199' title='bbox 1090 3537 1126 3585; x_wconf 89' lang='lat'>19.</span> <span class='ocrx_word' id='word_1_200' title='bbox 1138 3525 1197 3572; x_wconf 75' lang='lat' dir='ltr'>lta:</span> 
     </span>
     <span class='ocr_line' id='line_1_30' title="bbox 144 3606 1199 3670; baseline -0.002 -15"><span class='ocrx_word' id='word_1_201' title='bbox 144 3623 177 3655; x_wconf 85' lang='lat' dir='ltr'>sc.</span> <span class='ocrx_word' id='word_1_202' title='bbox 185 3612 250 3669; x_wconf 70' lang='lat' dir='ltr'>poci</span> <span class='ocrx_word' id='word_1_203' title='bbox 254 3607 415 3655; x_wconf 83' lang='lat' dir='ltr'>serviendum</span> <span class='ocrx_word' id='word_1_204' title='bbox 421 3609 533 3670; x_wconf 65' lang='lat' dir='ltr'>putavit.</span> <span class='ocrx_word' id='word_1_205' title='bbox 554 3620 591 3655; x_wconf 84' lang='lat'>20.</span> <span class='ocrx_word' id='word_1_206' title='bbox 604 3611 706 3657; x_wconf 82' lang='lat' dir='ltr'>mente</span> <span class='ocrx_word' id='word_1_207' title='bbox 715 3607 861 3670; x_wconf 77' lang='lat' dir='ltr'>agitaret:</span> <span class='ocrx_word' id='word_1_208' title='bbox 875 3608 1000 3669; x_wconf 77' lang='lat' dir='ltr'>crigitdret.</span> <span class='ocrx_word' id='word_1_209' title='bbox 1022 3606 1077 3654; x_wconf 92' lang='lat' dir='ltr'>The</span> <span class='ocrx_word' id='word_1_210' title='bbox 1085 3606 1199 3667; x_wconf 86' lang='lat' dir='ltr'>objectis</span> 
     </span>
     <span class='ocr_line' id='line_1_31' title="bbox 145 3689 1197 3754; baseline 0.001 -17"><span class='ocrx_word' id='word_1_211' title='bbox 145 3690 235 3738; x_wconf 83' lang='lat' dir='ltr'>bellum</span> <span class='ocrx_word' id='word_1_212' title='bbox 246 3726 252 3737; x_wconf 94' lang='lat'>.</span> <span class='ocrx_word' id='word_1_213' title='bbox 263 3726 269 3738; x_wconf 93' lang='lat'>.</span> <span class='ocrx_word' id='word_1_214' title='bbox 280 3726 286 3738; x_wconf 92' lang='lat'>.</span> <span class='ocrx_word' id='word_1_215' title='bbox 296 3690 424 3738; x_wconf 81' lang='lat' dir='ltr'>dedissent.</span> <span class='ocrx_word' id='word_1_216' title='bbox 433 3690 521 3738; x_wconf 73' lang='lat' dir='ltr'>-ree</span> <span class='ocrx_word' id='word_1_217' title='bbox 534 3727 539 3737; x_wconf 95' lang='lat'>.</span> <span class='ocrx_word' id='word_1_218' title='bbox 552 3727 558 3738; x_wconf 93' lang='lat'>.</span> <span class='ocrx_word' id='word_1_219' title='bbox 573 3726 579 3737; x_wconf 91' lang='lat'>.</span> <span class='ocrx_word' id='word_1_220' title='bbox 591 3690 723 3739; x_wconf 79' lang='lat' dir='ltr'>reiectae</span> <span class='ocrx_word' id='word_1_221' title='bbox 733 3708 738 3738; x_wconf 77' lang='grc' dir='ltr'>ι</span> <span class='ocrx_word' id='word_1_222' title='bbox 750 3691 817 3738; x_wconf 77' lang='lat' dir='ltr'>their</span> <span class='ocrx_word' id='word_1_223' title='bbox 827 3689 936 3754; x_wconf 79' lang='lat' dir='ltr'>strength</span> <span class='ocrx_word' id='word_1_224' title='bbox 947 3689 1038 3736; x_wconf 77' lang='lat' dir='ltr'>should</span> <span class='ocrx_word' id='word_1_225' title='bbox 1046 3689 1071 3735; x_wconf 86' lang='lat' dir='ltr'>be</span> <span class='ocrx_word' id='word_1_226' title='bbox 1083 3689 1197 3738; x_wconf 80' lang='lat' dir='ltr'>restored.</span> 
     </span>
    </p>
   </div>
   <div class='ocr_carea' id='block_1_8' title="bbox 0 0 1411 4142">
    <p class='ocr_par' dir='ltr' id='par_1_9' title="bbox 0 0 1411 4142">
     <span class='ocr_line' id='line_1_32' title="bbox 0 0 1411 4142; baseline 0 0"><span class='ocrx_word' id='word_1_227' title='bbox 0 0 1411 4142; x_wconf 95' lang='lat' dir='ltr'> </span> 
     </span>
    </p>
   </div>
  </div>
 </body>
</html>
