2792 4142
635 208 743 269 mou
1161 195 1208 292 69

155 396 253 471 bona,
271 398 304 458 in
323 396 362 459 iis
381 395 552 477 ingenium
572 395 687 471 docile,
706 403 809 472 crime,
827 405 944 476 aptum
963 395 1006 458 ad
1030 404 1109 458 artis
1128 395 1210 476 opti-

156 516 237 585 mis,
258 515 415 590 megnam
440 508 587 590 corporis
611 508 818 589 dignitetem
835 528 921 590 quae
945 516 1012 570 nen
1036 508 1208 570 minimum

121 661 124 663 -
155 621 376 698 commendat,
398 628 538 703 megnes
562 627 735 702 praetereat
758 620 889 683 divitiis
908 627 927 682 e
948 630 1043 701 patre
1067 620 1207 696 relictis

155 740 239 815 ques
270 733 342 814 ipse
372 743 505 818 tyranni
536 732 728 795 muneribus
760 742 905 795 auxerat.
953 733 1035 795 Erat
1073 732 1209 796 intimus

158 845 321 929 Dionysii>
337 847 445 927 prieti,
456 865 565 928 neque
582 844 690 907 minus
708 854 845 926 propter
857 853 965 908 meres
978 866 1079 928 quam
1091 846 1209 909 adfini·
1248 863 1260 914 5

155 964 267 1021 tetem.
315 959 470 1041 Namque
494 967 558 1021 etsi
582 958 724 1040 Dionysi
747 958 926 1020 erudelites
949 967 980 1021 ei
1002 958 1208 1040 displicebat,

155 1080 268 1133 tamen
285 1071 414 1133 salvum
431 1080 566 1152 propter
583 1069 872 1146 necessitr'tdinem,
892 1070 999 1151 magis
1021 1070 1121 1133 etiam
1137 1078 1209 1134 sue-

155 1202 228 1245 rum
250 1189 351 1246 cause
370 1182 534 1245 studebat.
581 1181 712 1245 Aderat
732 1181 766 1244 in
791 1188 922 1263 megnis
945 1184 1053 1259 rebus,
1071 1184 1209 1266 eiusque

155 1294 294 1358 censilie
324 1295 464 1358 multum
496 1294 689 1358 movebetur
719 1304 892 1378 tyrannus,
920 1297 982 1359 nisi
1014 1302 1079 1379 que
1109 1296 1143 1358 in
1174 1304 1209 1358 re

155 1409 260 1470 meior
284 1408 390 1489 ipsius
416 1406 580 1489 cupidites
608 1406 852 1472 intercesserat.
903 1409 1103 1490 Legetienes
1131 1416 1260 1471 vere1c

155 1527 272 1584 omnes
296 1540 381 1603 quae
397 1529 510 1583 essent
529 1519 735 1584 inlustrieres
759 1542 820 1604 per
843 1522 986 1584 Dienem
1004 1522 1210 1584 administre-

154 1633 294 1708 bantur3
326 1639 409 1715 ques
432 1632 566 1716 quidem
593 1633 647 1697 ille
674 1633 852 1716 diligenter
878 1634 1041 1710 obeundi),
1070 1635 1210 1697 fideliter

155 1746 694 1809 administrandi)credelissimum
705 1755 828 1811 nemen
839 1757 974 1832 tyranni
985 1743 1044 1810 sue
1062 1748 1209 1810 hermeni-

155 1865 224 1923 tete
235 1858 389 1922 leniebat.
428 1860 529 1923 Hunc
545 1866 565 1921 e
583 1859 747 1943 Dionysii>
759 1862 896 1922 missum
910 1861 1209 1941 Karthaginienses

155 1981 202 2034 sic
234 1979 455 2052 suspexerunt
486 1981 522 2035 ut
549 1974 716 2035 neminem
747 1992 905 2055 umquam
937 1973 1065 2036 Graece
1096 1973 1210 2053 lingue
1233 2001 1261 2050 15

155 2085 346 2167 loquentem
363 2084 469 2166 magis
485 2086 552 2147 sint
568 2085 728 2148 admirati.

176 2301 314 2361 Dionysius
330 2301 418 2362 brings
438 2302 513 2349 Plato
525 2304 553 2348 to
568 2285 608 2349 iris
623 2303 701 2348 court.
730 2301 858 2362 Intrlgnee
873 2314 950 2350 cause
965 2303 1064 2364 eumity
1074 2303 1189 2350 between

360 2389 362 2391 ’
443 2377 506 2425 Dion
521 2379 569 2423 eud
584 2378 629 2423 the
644 2388 758 2437 younger
773 2376 919 2436 Dionysius.

202 2522 247 2584 II.
281 2521 401 2604 Neque
432 2529 510 2585 vere>
544 2523 627 2585 haee
661 2520 861 2604 Dionysium
898 2521 1092 2603 fugiebant;
1131 2543 1209 2585 nam

156 2642 282 2716 quante
308 2644 398 2698 esset
421 2635 483 2697 sibi
506 2641 702 2698 ernemente
725 2633 898 2697 sentiebat.
947 2634 1024 2716 Qui)
1047 2635 1151 2697 fiebat
1174 2645 1211 2698 ut

157 2754 215 2809 emi
238 2747 313 2811 huic
336 2748 477 2810 maxime
498 2747 686 2829 indulgeret
709 2767 817 2829 neque
841 2767 917 2809 cum
939 2767 1035 2810 secus
1057 2747 1210 2829 diligeret

157 2880 194 2923 ac
211 2861 337 2938 lilium3
362 2870 419 2943 qui
435 2861 577 2943 quidem,
595 2881 671 2925 cum
689 2862 862 2924 Platenem
879 2861 1063 2923 Tarentum
1079 2864 1210 2925 venisse
1233 2891 1261 2925 2c

156 2974 247 3036 lema
270 2973 304 3037 in
326 2973 472 3038 Siciliam
495 2983 583 3037 esset
607 2973 744 3055 perlita,
764 2973 971 3037 adulescenti
993 2981 1118 3055 negere
1142 2984 1209 3038 nen

157 3088 300 3167 potuerit
327 3096 407 3169 quin
430 3106 506 3150 eum
530 3095 723 3162 arcesseret,
744 3106 820 3149 cum
847 3086 935 3149 Diem
961 3086 1030 3149 eius
1054 3088 1212 3151 audiendi

156 3198 337 3280 cupiditete
354 3199 519 3281 fiagreret.
562 3199 663 3262 Dedit
680 3207 761 3280 erge
778 3199 854 3261 huic
871 3199 1003 3266 ueniam
1022 3207 1210 3283 megneque

156 3330 232 3373 eum
256 3310 436 3375 ambitiene
459 3311 642 3395 Syrect'rses
666 3311 829 3393 perduxit.
877 3312 987 3394 Quem
1013 3313 1102 3376 Diem
1127 3314 1211 3376 adee

156 3422 338 3487 admiretus
362 3433 413 3486 cst
437 3434 537 3506 atque
561 3424 727 3487 adamevit
753 3434 789 3486 ut
814 3431 850 3486 se
871 3434 902 3486 ei
926 3431 1032 3487 tetum
1054 3426 1208 3489 trederet.
1234 3458 1262 3508 ²5

159 3534 277 3618 Neque
293 3543 373 3599 vere
389 3535 497 3600 minus
513 3536 585 3618 ipse
603 3538 697 3599 Plate
714 3537 897 3599 delectetus
914 3547 964 3600 est
983 3538 1100 3600 Diene.
1147 3539 1211 3601 lta-

157 3668 221 3729 que
242 3668 318 3711 eum
335 3654 355 3710 e
371 3657 515 3730 tyranne
535 3648 712 3711 crudeliter
728 3648 869 3710 violetus
891 3659 987 3725 esset,
1006 3649 1131 3731 quippe
1154 3661 1211 3732 qui
