2792 4142
555 185 778 243 nanneni
1089 188 1092 194 ·
1124 196 1191 269 11¹9

139 370 226 452 ginis
252 370 399 446 remr‘ivit,
423 391 498 434 cum
524 370 666 452 amplius
692 378 826 433 centum
852 369 942 433 milia
966 370 1058 434 faeta
1079 382 1194 434 essent

139 491 350 559 armatdrum
372 484 430 546 sed
449 485 548 546 etiam
567 491 608 546 ee
629 482 789 564 compulit
808 491 844 546 ut
863 482 1009 547 locerum
1029 485 1193 565 angustiis

139 596 244 659 clausi
259 597 371 677 plures
387 597 477 658 fame
493 616 593 677 quam
610 596 700 658 ferre
711 597 892 658 interirent.
933 594 1057 660 Omnia
1069 596 1193 678 oppida

138 707 334 784 abalieneta,
354 711 388 771 in
407 709 447 771 iis
464 709 599 773 Uticam
620 714 722 791 atque
744 707 948 816 Hippenem,
966 709 1193 772 valentissima

137 829 239 884 tetius
252 820 400 896 Africae,
411 821 554 885 restituit
566 820 703 902 patriae.
745 822 864 904 Neque
876 829 916 884 ee
928 821 992 884 fuit
1004 831 1190 899 contentus,
1238 844 1251 897 5

139 934 198 997 sed
222 933 321 997 etiam
346 935 426 997 finis
451 934 570 1015 imperi
593 933 801 1016 prapagavit,
826 940 896 996 tete
921 921 1040 997 Africa
1062 945 1192 997 tantum

137 1047 241 1110 etium
262 1046 406 1109 reddidit
426 1055 463 1109 ut
482 1045 610 1109 nullum
632 1045 665 1108 in
687 1045 871 1110 cabellum
893 1046 1060 1110 videretur
1081 1047 1192 1111 multis

137 1168 234 1223 annis
249 1160 363 1222 fuisse.
1094 1164 1097 1169 ⁴

535 1259 572 1306 He
587 1271 648 1320 goes
663 1261 691 1307 to
707 1260 793 1319 Spain.

183 1389 249 1450 III.
284 1387 398 1451 Rebus
425 1388 477 1451 his
504 1408 544 1450 ex
567 1387 733 1451 sententie
765 1364 919 1469 perietis
936 1388 1057 1452 fidenti
1082 1390 1193 1452 anime

137 1510 237 1584 atque
267 1501 391 1564 infeste
423 1500 592 1576 Remenis,
621 1508 688 1582 que
719 1500 850 1563 facilius
881 1521 1016 1564 causam
1046 1500 1194 1565 bellandi
1223 1529 1253 1564 ιο

127 1597 306 1696 reperiret,
331 1613 444 1676 effecit
471 1623 508 1675 ut
534 1613 715 1695 impetitor
738 1633 814 1676 cum
838 1613 983 1676 exercitii
1011 1615 1045 1676 in
1071 1615 1194 1695 Hispa-

138 1727 226 1789 niam
246 1726 440 1802 mitteretur,
461 1734 566 1809 eeque
589 1733 702 1790 secum
724 1726 817 1789 duxit
838 1726 945 1789 filium
966 1726 1192 1791 Hannibalem

138 1847 300 1902 annerum
328 1859 457 1903 novem.
506 1840 588 1902 Erat
619 1846 792 1920 praeteree
822 1859 898 1902 cum
926 1847 966 1902 ee>
996 1840 1193 1904 adulescens

136 1951 293 2027 inlustris,
311 1951 487 2026 fermesuS,
506 1950 709 2015 Hasdrubal.
751 1952 840 2013 Huic
857 1950 911 2013 ille
928 1950 1032 2013 filiam
1048 1972 1142 2015 suam
1158 1952 1192 2014 in

137 2064 382 2127 metrimdnium
406 2063 505 2127 dedit.
554 2064 607 2126 De
630 2065 693 2126 hec
717 2063 792 2127 idee
815 2065 1017 2156 mentidnem
1040 2064 1190 2141 fecimus,
1223 2090 1252 2144 15

138 2177 227 2258 quod
260 2176 452 2240 Hamilcare
482 2184 592 2240 occisr')
622 2176 677 2239 ille
708 2177 866 2239 exercitui
899 2176 1045 2258 praefuit
1074 2185 1193 2259 resque

138 2296 278 2371 megnes
296 2288 410 2371 gessit,
428 2299 461 2352 et
484 2299 641 2371 princeps
664 2289 838 2370 largitidne
861 2297 1012 2352 vetustes
1035 2289 1194 2371 pervertit

139 2409 247 2464 meres
265 2401 603 2483 Karthaginiensium,
615 2401 831 2484 eiusdemque
850 2410 927 2482 post
945 2411 1084 2465 mortem
1102 2403 1194 2466 Han-

138 2513 228 2577 nibal
244 2513 286 2577 ab
303 2514 448 2577 exercitu
466 2515 596 2597 accepit
612 2513 798 2595 imperium.

419 2690 465 2738 liis
480 2691 591 2750 exploits
605 2691 632 2736 in
647 2691 734 2749 Spain.
765 2691 811 2738 liis
826 2691 912 2738 death.

184 2801 243 2865 IV.
276 2801 324 2864 At
347 2800 528 2878 Hamilcar,
549 2808 666 2883 postea’t
690 2822 789 2883 quam
812 2822 903 2865 mare
926 2801 1057 2866 transiit
1077 2802 1111 2867 in
1134 2802 1192 2867 Hi·
1220 2830 1252 2866 πο

140 2913 358 2996 speniamque
378 2915 478 2989 venit,
502 2921 642 2995 megnes
665 2922 718 2977 res
742 2908 889 2987 secunda
912 2915 1017 2996 gessit
1037 2916 1190 2994 fortuna;

139 3027 300 3089 maximas
315 3026 648 3108 bellicesissimesque
664 3036 774 3108 gentis
791 3026 939 3108 subegit;
963 3038 1067 3110 equis,
1081 3040 1190 3106 armis,

139 3137 225 3214 viris,
246 3141 391 3220 pecunia
406 3147 509 3202 tetam
531 3139 747 3221 locupletevit
767 3127 929 3202 Africam.
978 3141 1044 3203 Hic
1063 3161 1138 3203 cum
1157 3143 1192 3203 in

138 3239 271 3314 ltaliam
302 3251 425 3315 bellum
458 3253 582 3316 inferre
613 3252 836 3328 meditaretur,
869 3260 957 3316 nene
987 3261 1076 3315 anne
1106 3264 1193 3335 post·

182 3413 203 3448 2.
227 3401 265 3450 οδ
277 3402 441 3462 compulit:
460 3401 534 3450 drove
545 3402 609 3450 them
621 3409 644 3450 to
654 3403 713 3450 such
725 3400 1008 3452 simitu—locbmm
1026 3403 1191 3464 angustiis:

140 3482 227 3547 defiles.
262 3484 286 3533 6.
308 3484 506 3546 prbpdgdvit:
526 3485 650 3533 extended
705 3498 728 3546 9.
752 3496 793 3534 ex
810 3485 975 3534 sententia:
995 3501 1024 3532 as
1039 3485 1069 3532 he
1086 3485 1191 3534 desired.

143 3577 179 3615 10.
201 3566 329 3616 intente:
355 3568 467 3616 inimice.
515 3580 552 3629 13.
564 3568 724 3617 annerum:
749 3582 782 3617 sc.
795 3574 910 3631 puerum
928 3567 954 3615 in
972 3566 1114 3631 apposition
1132 3567 1192 3616 with

141 3648 323 3699 Hannibalem.
361 3663 397 3714 17.
421 3650 577 3700 vetustds:
592 3651 724 3714 pristinis.
