2792 4142
576 221 797 279 Aonsruxos
1110 246 1112 259 ι
1163 233 1209 304 99

156 412 192 466 ut
218 403 313 465 binos
341 403 502 466 haberent
529 424 661 485 semper
687 411 793 486 reges
817 404 950 468 nomine
977 406 1085 486 magis
1111 425 1211 487 quam

155 515 304 596 imperiti,
330 537 370 579 ex
397 516 526 601 duabus
547 516 681 579 familiis
707 519 814 580 Procli
836 527 869 581 et
898 517 1129 602 Eurysthenis,
1154 528 1212 601 qui

156 627 322 710 principes
346 628 573 709 ex‘progenie
598 628 755 692 Herculis
780 630 922 711 Spartae
944 638 1041 712 reges
1065 632 1208 694 fuerunt.

157 741 288 802 Horum
315 760 356 803 ex
383 740 486 803 altera
512 741 546 803 in
573 740 709 804 alterius
735 742 882 806 familiae
909 742 1018 833 locum
1046 744 1117 807 fieri
1142 752 1208 806 non

155 852 293 928 licebat;
317 851 363 915 ita
387 854 481 915 suuin
506 864 646 935 utraque
669 854 833 917 retinebat
856 855 1014 919 ordinem.
1062 857 1208 919 Primum
1248 873 1262 927 5

156 965 241 1028 ratio
263 964 447 1028 habebatur
468 976 525 1048 qui
549 965 710 1028 maximus
734 974 814 1029 natu
838 977 926 1030 esset
946 989 986 1032 ex
1007 969 1118 1032 liberis
1139 969 1209 1032 eius

157 1086 214 1159 qui
231 1068 377 1156 regnans
396 1077 611 1154 decessisset3
636 1088 686 1140 sin
706 1078 733 1141 is
752 1080 844 1143 virile
863 1100 959 1143 secus
978 1089 1045 1142 nim
1064 1081 1211 1162 reliquis·

157 1200 216 1266 set,
241 1201 311 1254 tum
335 1191 542 1272 deligebatur
565 1203 622 1274 qui
648 1193 818 1275 proximus
841 1202 929 1256 esset
953 1193 1207 1276 propinquitate.

157 1305 310 1367 Mortuus
326 1314 397 1367 erat
413 1291 499 1386 bigis
515 1312 581 1381 rex,
596 1306 698 1369 frater
712 1306 871 1388 Agesilai.
900 1306 1020 1368 Filium
1034 1306 1210 1388 reliquerat

156 1417 405 1500 Leotychidem,
437 1438 536 1500 quem
559 1418 614 1481 ille
644 1426 759 1481 natum
791 1426 858 1480 non
893 1425 1041 1499 ignorat,
1065 1418 1207 1481 eundem
1233 1441 1262 1477 ιο

155 1528 299 1592 moriens
325 1550 421 1592 suum
449 1551 523 1595 esse
549 1532 685 1594 dixerat.
735 1531 769 1593 Is
796 1531 838 1593 de
865 1531 989 1594 honore
1014 1538 1109 1612 regni
1133 1551 1208 1593 cum

154 1643 325 1724 Agesilao,
348 1651 468 1725 patruo
490 1651 559 1719 suo,
582 1643 752 1707 contendit
782 1663 891 1725 neque
917 1643 951 1705 id
978 1643 1066 1725 quod
1094 1643 1209 1724 petivit

154 1763 352 1819 consecutus
369 1766 429 1819 est.
478 1757 565 1818 Nam
585 1756 760 1838 Lysandro
778 1755 995 1836 suffragante,
1014 1755 1154 1830 homine,
1173 1765 1209 1818 ut

154 1868 359 1931 ostendimus
388 1875 498 1949 supra,
527 1868 669 1932 factioso
694 1877 728 1932 et
759 1868 798 1930 iis
829 1868 1034 1950 temporibus
1067 1874 1204 1947 potenti,

155 1980 335 2062 Agesilaus
351 1981 516 2044 antelatus
532 1989 613 2044 ests
1232 2007 1241 2042 1
1247 2007 1261 2059 ς

400 2053 503 2154 lysi-cx
521 2035 613 2131 fras
629 2054 686 2089 (⁴12
713 2050 734 2071 .·
757 2048 820 2088 (ο,

584 2123 594 2162 V

475 2220 538 2267 War
551 2221 577 2266 in
593 2219 664 2267 Asia.
696 2219 735 2266 An
751 2220 889 2268 mistice.

201 2349 247 2412 ΙΙ.
281 2350 347 2412 Hic
379 2347 476 2411 simui
510 2357 611 2430 atque
644 2347 762 2428 imperi
797 2357 921 2429 potitus
951 2357 1010 2423 est,
1043 2348 1210 2428 persuasit

157 2461 431 2526 Lacedaemoniis
444 2470 481 2524 ut
496 2481 572 2524 cum
585 2460 729 2524 exercitu
744 2460 958 2539 seflmitterent
968 2460 1002 2522 in
1012 2459 1130 2522 Asiam
1142 2460 1208 2523 bel-

155 2574 289 2656 lumque
304 2582 377 2655 regi
391 2575 550 2649 facerent,
565 2574 688 2636 docens
705 2572 808 2636 satius
821 2593 895 2636 esse
911 2572 944 2635 in
962 2572 1045 2635 Asia
1058 2593 1158 2654 quam
1173 2574 1207 2634 in

157 2687 292 2767 Europa
303 2687 459 2749 dimicari.
496 2687 650 2767 Namque
664 2687 755 2747 fama
765 2686 889 2748 exierat
903 2685 1110 2748 Artaxerxen
1122 2685 1207 2748 com-

156 2806 272 2880 parare
295 2799 410 2861 classis
435 2798 663 2880 pedestrisque
683 2797 853 2874 exercitus,
875 2805 958 2879 quos
976 2797 1009 2859 in
1028 2797 1205 2880 ‘Graeciam
1230 2821 1261 2857 20

198 3039 220 3076 2.
243 3027 358 3077 Procli:
373 3042 439 3075 nom.
454 3026 558 3074 Procles.
594 3037 616 3087 3.
635 3023 803 3085 principue:
817 3026 909 3085 primi.
939 3035 962 3081 4.
981 3020 1207 3085 fle112sc.rrgem

155 3124 182 3157 as
205 3108 306 3172 subject.
351 3121 373 3173 5.
398 3109 548 3158 ordinem:
574 3108 627 3155 line
644 3109 675 3172 os
691 3107 793 3154 descent.
833 3104 889 3153 The
912 3103 1032 3165 meaning
1049 3103 1069 3150 is
1092 3102 1146 3151 that
1164 3102 1207 3152 the

154 3191 279 3240 members
291 3192 378 3240 osone
397 3191 480 3253 family
493 3190 567 3238 could
580 3197 624 3238 not
639 3189 736 3238 receive
750 3187 816 3250 right
829 3187 857 3235 of
872 3179 1014 3234 succession
1026 3186 1052 3232 in
1064 3184 1108 3233 the
1120 3185 1203 3243 other;

154 3289 183 3322 so
201 3274 264 3322 each
280 3274 364 3336 family
376 3281 442 3322 must
457 3273 547 3335 always
559 3273 591 3320 be
610 3272 781 3336 represented.
824 3270 846 3318 6.
870 3261 964 3318 ratio:
990 3268 1205 3331 regard—qui:

154 3372 183 3404 as
205 3364 227 3405 to
249 3358 322 3413 who,·
350 3357 388 3404 for
411 3358 475 3420 quis.
534 3368 555 3418 7.
578 3355 666 3404 virile
690 3366 793 3403 aecus:
825 3353 890 3400 areale
914 3354 985 3399 issue.
1044 3350 1067 3399 8.
1090 3351 1208 3411 propin-

155 3439 287 3500 quitate:
303 3439 393 3504 oskin.
435 3451 471 3486 10.
484 3439 602 3487 nfitum:
622 3438 694 3485 when
706 3437 736 3485 lre
747 3452 798 3484 was
809 3436 878 3483 born.
886 3435 987 3483 -nt'm
999 3433 1139 3496 &gudratt
1158 3434 1212 3480 had

156 3529 200 3570 not
214 3522 306 3570 moneas.
345 3534 381 3570 12.
402 3521 525 3582 patrati:
550 3521 674 3583 paternal
690 3520 771 3567 uncle.
817 3530 854 3580 13.
871 3517 1073 3567 consecutus:
1098 3516 1208 3578 adeptus.

155 3604 392 3666 -suflrigantez
423 3604 527 3668 through
559 3604 598 3651 the
625 3609 731 3666 support
759 3603 791 3667 os
838 3613 874 3660 14.
892 3599 1040 3649 iactibsbt
1066 3598 1208 3646 ambitium.

158 3686 195 3739 16.
211 3687 331 3747 imperi:
346 3686 384 3733 for
396 3685 440 3734 the
452 3702 521 3734 more
534 3685 604 3733 usual
617 3684 733 3733 ablative.
771 3682 808 3732 18.
826 3682 937 3731 satius:
952 3681 1048 3728 melius.
