2792 4142
611 214 765 273 CONON
1163 205 1207 295 67

153 399 289 482 negavit
320 409 371 463 sui
401 419 475 463 esse
502 399 628 474 consili,
653 387 713 462 sed
744 400 856 481 ipsius,
889 408 946 482 qui
975 398 1101 482 optimo
1131 406 1210 462 suos

154 520 254 575 nosse
284 512 429 587 doboret,
458 511 517 575 sed
548 520 584 574 so
615 511 756 574 suodore
789 512 1002 575 Pharnabozo
1020 511 1065 574 ·id
1096 519 1211 593 negoti

154 626 257 688 daret.
307 625 397 687 Hinc
425 632 554 706 magnis
581 624 775 687 moneribus
801 624 944 687 donatus
972 624 1015 688 ad
1042 644 1133 687 mare
1158 634 1210 687 est

155 737 285 811 missus,
310 746 346 800 ut
370 737 501 821 Cypriis
525 746 558 800 et
583 736 802 800 Phoenicibus
825 744 1010 820 ceterisque
1037 738 1209 800 maritimis

154 848 343 913 civitotibus
381 856 474 912 navis
521 850 637 930 longos
677 849 855 931 imperoret
892 850 1101 932 classemque
1142 858 1208 933 qua
1248 864 1262 918 5

154 963 304 1044 proximo
335 969 463 1025 aestote
494 982 584 1025 mare
615 969 701 1025 tueri
731 970 844 1043 posset
882 969 1099 1043 comparoret,
1131 954 1209 1026 dato

154 1073 554 1149 adiotore-Pharnabozo
572 1084 656 1138 sicut
680 1074 752 1156 ipse
775 1074 935 1137 voluerat.
984 1074 1023 1137 Id
1047 1085 1083 1137 ut
1108 1076 1209 1138 Lace-

154 1186 338 1250 daemoniis
350 1196 402 1250 est
414 1186 612 1262 nontiotum,
627 1194 692 1250 non
707 1186 777 1249 sine
790 1193 870 1250 coro
882 1207 951 1250 rem
964 1186 1207 1263 administrant,

154 1299 244 1383 quod
261 1298 366 1362 maius
382 1299 505 1362 bellum
522 1299 693 1362 imminere
709 1299 954 1397 arbitrobantur
970 1320 1070 1382 quam
1086 1310 1115 1363 si
1133 1321 1207 1364 cum

154 1413 296 1475 barbaro
323 1412 430 1474 solum
458 1412 708 1476 contenderent.
758 1412 846 1474 Nam
872 1412 992 1475 ducem
1024 1413 1145 1476 fortem
1176 1423 1209 1475 et
1232 1432 1261 1468 10

155 1525 354 1606 prodentem
375 1524 475 1606 rogits
496 1524 615 1606 opibus
637 1524 867 1605 praefutorum
889 1545 928 1588 ac
947 1532 1060 1588 socom
1077 1526 1209 1588 dimico-

154 1644 266 1700 torum
281 1636 448 1711 vidobant,
466 1656 565 1719 quem
587 1656 695 1718 neque
717 1636 854 1700 consilio
870 1656 978 1721 neque
995 1637 1098 1719 copiis
1114 1659 1209 1719 supe-

154 1756 227 1811 rore
244 1759 390 1829 possent.
434 1748 511 1812 Hac
527 1758 639 1811 mente
656 1754 812 1831 magnam
830 1750 1031 1812 contrahunt
1046 1751 1206 1824 classem3

155 1862 408 1942 proficiscuntur
422 1860 581 1924 Pisandro
596 1860 690 1924 duce.
733 1861 807 1924 Hos
824 1861 941 1925 Conon
958 1862 1047 1943 apud
1065 1862 1207 1927 Cnidum

154 1974 290 2038 adortus
314 1980 436 2055 mogno
459 1972 585 2055 proelio
609 1974 715 2055 fugat,
736 1974 858 2036 multos
883 1980 975 2037 novis
998 1974 1096 2055 capit,
1122 1995 1208 2038 com·
1232 1998 1259 2051 15

154 2087 257 2169 ploris
279 2086 442 2168 deprimit.
491 2085 566 2168 Quo
586 2087 721 2149 victorio
744 2093 810 2148 non
836 2086 942 2149 solum
965 2087 1130 2160 Athonae,
1148 2088 1207 2150 sed

153 2201 253 2262 etiam
270 2206 392 2262 concta
405 2199 554 2274 Graecia,
567 2218 652 2280 quae
669 2198 731 2261 sub
745 2198 1083 2262 Lacedaemoniorum
1099 2200 1208 2264 fuerat

153 2311 302 2392 imperio,
335 2311 473 2375 liberota
504 2320 563 2374 est.
612 2311 730 2375 Conon
762 2331 836 2375 cum
871 2321 970 2393 parte
1001 2312 1134 2374 navium
1174 2312 1206 2375 in

154 2425 297 2507 patriam
324 2424 423 2500 venit,
444 2430 556 2486 moros
582 2423 709 2487 dirutos
735 2430 755 2486 a
781 2423 956 2506 Lysandro
985 2431 1151 2507 utrosque,
1174 2435 1208 2488 et

155 2537 261 2600 Piraei
270 2547 304 2601 et
316 2537 539 2611 Athonorum
553 2535 748 2600 reficiendos
759 2543 862 2612 corat,
877 2536 1104 2619 pecuniaeque
1117 2548 1208 2620 quin·
1231 2567 1260 2602 20

153 2649 313 2732 quaginta
336 2650 462 2713 talenta
485 2669 571 2732 quae
594 2656 614 2711 a
639 2648 854 2712 Pharnabazo
877 2656 1052 2729 accoperat
1082 2650 1207 2714 civibus

88 2812 92 2818 .
154 2771 223 2824 suis
239 2761 349 2826 donat.

154 2994 193 3041 An
212 2995 381 3043 illeoncealed
400 2997 513 3055 attempt
532 2997 560 3043 to
579 3007 679 3043 recover
697 2997 742 3043 the
763 2995 862 3044 Asiattc
883 2996 1043 3055 possesuons
1063 2994 1090 3042 ot
1110 2996 1207 3044 Athens

304 3071 376 3117 londo
390 3072 418 3117 to
432 3070 537 3118 conon’s
552 3073 656 3130 capture
670 3071 706 3131 by
720 3071 765 3117 tho
780 3070 885 3118 Persian
900 3070 1058 3118 authorities.

197 3224 237 3285 V.
271 3223 405 3286 Accidit
431 3224 518 3299 huic,
541 3225 629 3306 quod
657 3232 777 3287 coteris
804 3224 1006 3300 monilibus,
1032 3235 1068 3288 ut
1099 3197 1208 3288 incon·

143 3335 326 3399 siderotior
357 3337 390 3397 in
416 3337 562 3400 secundo
590 3357 689 3419 quam
717 3338 751 3398 in
779 3337 918 3398 adversa
946 3346 1035 3399 esset
1063 3338 1205 3401 fortono.

156 3447 243 3508 Nam
276 3448 382 3511 classe
416 3448 732 3528 Peloponnosiorum
764 3449 893 3511 devicto
929 3468 1004 3512 cum
1036 3450 1141 3513 ultum
1173 3462 1208 3513 so
1231 3481 1260 3530 ²5

154 3559 290 3621 iniorios
312 3560 439 3640 patriae
462 3568 604 3642 putaret,
622 3562 718 3643 plora
741 3562 930 3642 concupivit
954 3582 1053 3644 quam
1077 3562 1208 3625 efficere

155 3671 272 3757 potuit.
321 3672 440 3754 Neque
462 3682 574 3734 tamen
596 3693 636 3736 ea
656 3694 723 3736 non
745 3673 800 3756 pia
821 3682 855 3736 et
874 3672 1046 3754 probanda
1062 3673 1207 3750 fuorunt,
