2792 4142
1128 209 1575 267 MILTIADES
2307 218 2345 272 2
2363 219 2388 273 1

352 388 457 434 The
487 387 650 435 Greek
679 399 824 448 army
855 390 1084 435 marchen
1114 391 1170 436 to
1199 390 1479 444 Marathon,
1504 391 1653 440 offers
1683 394 1847 441 battle
1876 397 1933 442 to
1960 397 2050 442 the
2080 396 2339 454 Parsiana,

897 465 994 509 and
1024 464 1192 510 driven
1222 466 1365 511 them
1394 468 1451 513 to
1479 467 1615 514 their
1643 468 1806 528 ships.

382 606 463 668 V.
534 606 684 669 Hec
716 605 783 668 in
817 616 1119 687 tempore
1146 608 1328 669 nulla
1353 608 1584 671 civitas
1605 611 2135 674 Atheniensibus
2162 613 2401 676 auxilie

296 717 423 780 fuit
447 728 712 799 praeter
746 719 1169 782 Plataeensis
1248 720 1348 782 Ea
1373 722 1550 784 mille
1580 724 1760 802 misit
1784 725 2081 786 militum.
2162 726 2398 808 Itaque

294 830 529 893 herum
574 831 865 894 adventi]
909 832 1137 894 decem
1182 832 1361 894 milia
1404 841 1806 896 armaterurn
1851 837 2181 917 completa
2224 848 2395 914 sunt,

920 1923 1321 1960 GRAVE·MOUND
1355 1923 1427 1959 AT
1461 1924 1767 1960 MARATHON

297 2109 467 2172 quae
500 2109 739 2153 manus
765 2089 1046 2151 mirabili
1070 2089 1394 2170 flagrabat
1420 2089 1767 2171 pugnandi
1789 2088 2168 2171 cupiditate.
2250 2089 2403 2171 Que

297 2202 549 2266 factum
605 2212 708 2266 est
762 2212 835 2265 ut
888 2202 1039 2284 pli‘is
1095 2222 1294 2284 quam
1356 2202 1676 2283 conlegae
1735 2202 2072 2265 Miltiades
2133 2203 2399 2265 valeret.
2480 2221 2506 2274 5

300 2300 463 2378 Eius
495 2323 657 2397 erge
688 2315 1078 2379 aucteritate
1119 2315 1388 2397 impulsi
1411 2316 1862 2378 Athenienses
1888 2315 2113 2396 cepies
2138 2335 2217 2377 ex
2242 2315 2403 2377 urbe

301 2428 669 2491 eduxerunt
702 2428 976 2510 loceque
1010 2428 1252 2491 idenee
1276 2437 1496 2490 castra
1529 2429 1851 2491 fecerunt.
1937 2427 2109 2491 Dein
2138 2434 2406 2508 postere

304 2539 411 2602 die
442 2541 567 2604 sub
600 2541 841 2604 montis
874 2541 1204 2604 radicibus
1241 2541 1382 2604 acie
1416 2542 1684 2621 regiene
1708 2546 2028 2602 instructa
2062 2548 2192 2602 nen
2222 2556 2405 2619 aper-

303 2652 557 2715 tissima
595 2650 914 2737 (namque
958 2654 1224 2717 arbores
1270 2655 1494 2716 multis
1538 2654 1697 2715 locis
1738 2662 1927 2715 erant
1966 2652 2185 2735 rarae)
2222 2672 2405 2733 proe-

298 2763 458 2827 lium
491 2774 963 2829 commiserunt
1001 2767 1124 2830 hec
1167 2766 1462 2842 censilie,
1499 2776 1571 2828 ut
1602 2775 1668 2828 et
1700 2767 2023 2827 montium
2057 2765 2403 2828 altitfidine
2456 2790 2515 2826 10

300 2886 683 2958 tegerentur
737 2888 804 2942 et
853 2879 1160 2941 arborum
1216 2886 1431 2942 tractu
1488 2877 1822 2960 equitatus
1870 2877 2158 2941 hostium
2205 2878 2408 2959 impe-

301 2986 567 3067 diretur,
619 2998 704 3053 ne
766 2991 1184 3054 multitfidine
1249 2991 1735 3055 clauderentur.
1836 2991 2029 3054 Datis
2090 3000 2213 3053 etsi
2274 2998 2407 3052 nen

302 3121 587 3185 aequum
631 3104 847 3167 locum
890 3104 1158 3167 videbat
1201 3114 1354 3180 ευῑε,
1389 3114 1615 3167 tamen
1661 3103 1872 3166 fretus
1915 3111 2193 3166 numere
2240 3102 2412 3184 cepi-

301 3221 486 3278 arum
543 3223 812 3279 suarum
873 3217 1230 3298 cenfligere
1292 3216 1622 3298 cupiebat,
1686 3225 1897 3298 eeque
1959 3216 2171 3297 magis
2232 3215 2410 3297 quod

302 3328 686 3411 priusquam
759 3329 1273 3393 Lacedaemonii
1343 3329 1639 3393 subsidie
1714 3338 2033 3407 venirent,
2097 3329 2410 3392 dimicare
2462 3356 2519 3409 15

306 3442 463 3504 utile
516 3441 976 3505 arbitrabatur.
1092 3443 1328 3524 Itaque
1378 3442 1447 3504 in
1504 3443 1713 3506 aciem
1772 3442 2070 3523 peditum
2124 3452 2411 3518 centum,

303 3553 598 3635 equitum
660 3554 890 3618 decem
955 3555 1133 3617 milia
1194 3555 1502 3636 predfixit
1559 3554 2012 3636 proeliumque
2068 3554 2413 3618 commisit.

308 3666 388 3727 In
451 3675 583 3749 que
649 3675 838 3731 tante
898 3669 1049 3749 plfis
1110 3667 1353 3730 virtute
1414 3668 1766 3730 valuerunt
1833 3667 2285 3730 Athenienses
2347 3678 2419 3730 ut
