2792 4142
580 235 772 292 Phocion
851 302 872 347 x
1134 245 1200 318 109

140 421 257 484 ‘meriti
286 419 559 483 existimebantur
592 418 709 500 populi
742 427 825 482 scite
858 420 892 480 in
926 418 1076 483 exsilium
1108 429 1203 483 erant

147 532 283 615 expulsi.
332 533 451 614 Neque
476 533 510 593 in
535 539 575 594 ee
600 532 707 594 solum
733 531 930 607 offenderat,
956 532 1046 613 quod
1074 532 1202 615 patriae

148 645 233 708 male
256 644 476 719 censuluerat,
502 643 561 706 sed
585 643 684 707 etiam
711 644 801 726 quod
823 644 987 706 amicitiae
1010 643 1109 706 fidem
1134 652 1200 707 nen

148 757 365 838 praestiterat.
414 757 570 838 Namque
585 764 703 818 auctus
719 755 951 837 adiirtusquee
973 756 1202 821 Demosthene

147 889 223 932 eum
250 889 348 951 quem
375 868 512 931 tenebat
538 869 734 932 ascenderat
760 868 910 949 gradum,
939 888 1015 932 cum
1042 869 1201 933 adversus
1239 886 1253 939 5

148 981 326 1045 Charetem
352 1001 428 1043 eum
454 981 667 1054 subernziret;
693 961 736 1042 ab
760 981 876 1043 eedem
901 979 936 1042 in
960 981 1098 1056 iirdiciis,
1125 1002 1200 1044 cum

147 1094 266 1175 capitis
296 1113 430 1157 causam
461 1093 595 1169 diceret,
623 1093 783 1156 defensus
813 1093 1011 1174 aliquotiens
1045 1093 1202 1156 liberetus

147 1206 352 1269 discesserat.
402 1207 503 1269 Hunc
523 1212 590 1267 non
607 1205 712 1267 selum
725 1205 767 1289 'vr
786 1205 940 1286 periculis
957 1212 1023 1268 nen
1040 1205 1200 1279 defendit,

148 1317 319 1381 sedetiam
332 1317 484 1399 predidit.
525 1317 679 1381 Concidit
695 1326 807 1380 autem
820 1318 962 1380 maixime
975 1324 1042 1379 ῡηό
1053 1318 1199 1392 crimine,

147 1431 237 1513 quod
262 1450 338 1494 cum
364 1430 454 1511 apud
478 1450 554 1493 eum
580 1449 747 1492 summum
772 1438 861 1493 esset
885 1430 1060 1512 imperium
1085 1430 1201 1511 populi
1226 1452 1255 1488 10

147 1543 239 1605 iussu
273 1553 307 1606 et
342 1544 553 1618 Nicenorem,
589 1542 769 1606 Cassandri
802 1542 1019 1623 praefectum,
1034 1580 1037 1585 >
1054 1541 1202 1604 insidieri

149 1657 264 1719 Piraei)
295 1661 315 1718 ai
352 1656 498 1740 Dercyle
529 1662 726 1730 moneretur,
760 1655 914 1737 idemque
932 1646 1132 1735 postularet
1166 1663 1203 1755 qt

148 1768 337 1851 previderet
359 1776 402 1832 ne
424 1769 663 1832 commeetibus
686 1769 802 1830 civitais
830 1774 1023 1850 priva‘rretur,
1047 1767 1123 1830 huic
1148 1787 1203 1829 au-

148 1881 259 1945 diente
276 1881 400 1963 popule
413 1882 559 1944 Phecien
575 1879 712 1961 negevit
726 1900 801 1943 esse
817 1879 999 1960 periculum
1017 1887 1118 1962 seque
1131 1879 1201 1942 eius

147 2003 195 2057 rei
217 1994 366 2058 obsidem
390 1995 463 2057 iore
486 1993 652 2075 pollicitus
675 2001 735 2055 est.
784 1993 903 2074 Neque
930 1993 976 2054 ita
998 1992 1103 2054 multe
1126 2000 1202 2072 post
1225 2003 1253 2058 Ῑ5

149 2107 296 2169 Nicener
324 2107 439 2170 Piraei>
465 2115 516 2169 est
546 2098 678 2187 potitus.
726 2104 783 2166 Ad
810 2124 909 2185 quem
936 2103 1200 2184 recuperandum

148 2238 224 2281 cum
252 2219 395 2301 populus
422 2225 569 2280 armetus
584 2216 822 2309 concurrisset,
847 2216 901 2279 ille
928 2223 995 2277 nen
1022 2215 1121 2278 modo
1148 2194 1231 2277 ne(

148 2330 272 2394 minem
295 2330 338 2393 ad
362 2350 454 2393 arma
477 2331 616 2405 vocevit,
642 2329 700 2392 sed
725 2336 768 2391 ne
792 2334 928 2391 armetis
952 2327 1086 2409 quidem
1110 2346 1201 2408 prae-

148 2462 223 2506 esse
238 2443 349 2506 voluit.

489 2594 572 2653 Party
586 2593 688 2652 politice
704 2594 733 2639 at
748 2591 856 2638 Athens.

193 2722 259 2784 III.
293 2722 400 2784 Erant
420 2729 460 2784 ee
480 2731 630 2802 tempore
653 2720 799 2783 Athenis
822 2719 907 2781 duae
928 2719 1100 2791 iactienes,
1122 2724 1200 2798 que·
1223 2743 1254 2779 20

148 2854 220 2896 rum
258 2840 324 2896 rina
357 2834 473 2915 populi
507 2852 641 2896 causam
676 2830 806 2912 agebat,
840 2831 945 2893 altera
978 2830 1196 2910 optimetium.

150 2946 190 3008 In
212 2946 274 3008 haic
295 2955 367 3009 erat
391 2945 537 3008 Phecirin
558 2954 591 3008 et
616 2944 807 3006 Demetrius
831 2942 1019 3009 Phalereus.
1068 2941 1198 3002 Herum

148 3066 287 3139 utraque
310 3056 533 3121 Macedonum
555 3055 747 3138 patreciniis
768 3053 940 3128 utebaitur3
964 3072 1042 3114 nam
1065 3044 1199 3133 populai-

191 3293 211 3331 1.
234 3281 334 3332 nolte:
353 3289 410 3330 vote.
446 3293 469 3343 3.
491 3280 645 3344 amicitiae
663 3315 669 3328 .
688 3315 694 3327 .
713 3315 719 3327 .
737 3277 947 3339 praestiterat:
977 3276 1032 3324 iod
1052 3282 1096 3324 not
1114 3275 1199 3324 shown

146 3365 252 3430 himself
257 3382 273 3412 a
278 3364 394 3430 faithful
396 3364 498 3430 friend.
532 3356 558 3423 4„¹
568 3366 694 3412 auctus:
713 3361 818 3409 exalted.
855 3360 877 3408 6.
891 3358 1087 3409 euhemeret:
1098 3359 1199 3420 secretly

147 3448 282 3510 supported
285 3464 296 3503 ,¹
309 3447 531 3496 summonitores.
557 3458 578 3509 7.
593 3444 791 3506 aliquotiens:
804 3442 1041 3510 atdifferenttt‘mes.
1069 3454 1105 3490 10.
1117 3441 1198 3501 apud

148 3540 231 3578 eum:
252 3531 281 3578 in
293 3529 431 3578 bisitands.
462 3542 499 3577 12.
516 3529 703 3578 moneretur:
721 3524 782 3573 here
798 3540 906 3588 governs
924 3524 997 3572 indit.
1014 3523 1074 3573 disc.
1091 3524 1198 3587 because

148 3612 290 3674 equivalent
301 3619 328 3660 to
340 3613 432 3660 certior
439 3611 522 3676 fieret.
560 3623 596 3673 13.
620 3606 859 3659 commeatibus:
873 3607 1028 3670 provisions.
1065 3617 1101 3669 15.
1119 3605 1199 3654 obei-

148 3693 217 3743 dem
228 3713 233 3743 :
246 3702 337 3757 suroris.
372 3707 411 3744 21.
431 3694 558 3756 agebat:
580 3691 748 3755 championed.
785 3703 823 3751 23.
843 3688 1022 3751 patreclnfls
1033 3705 1038 3735 :
1051 3693 1198 3754 patronago.
