2792 4142
577 201 795 259 innormis
1165 211 1209 284 95

161 391 269 465 gatae.
314 384 402 446 Nam
424 382 600 447 duodecim
623 384 865 448 adulescentuli
880 384 1029 448 coierunt
1045 405 1084 447 ex
1101 385 1140 447 iis
1156 395 1213 467 qui

161 495 276 558 exsilio
298 506 393 559 erant
417 496 555 572 multati,
576 516 652 559 cum
674 505 811 560 omnino
836 506 904 560 non
928 508 1042 561 essent
1069 498 1211 579 amplius

161 617 295 672 eentum
315 618 372 690 qui
393 616 487 671 tanto
508 616 545 671 se
564 609 725 672 offerrent
745 610 900 691 periculo.
950 611 1026 693 Qua
1043 612 1211 692 paucitate

161 721 314 802 perculsa
335 730 386 783 est
408 721 747 784 Lacedaemoniorum
770 725 928 804 potentia.
979 724 1008 785 Ii
1030 725 1119 786 enim
1142 731 1210 786 non

160 834 268 914 magis
292 833 555 896 adversariorum
578 835 717 897 factioni
740 855 839 916 quam
865 835 1039 917 Spartanis
1064 844 1105 898 eo
1130 846 1210 899 tem·
1249 851 1264 906 5

161 964 241 1026 pore
256 944 380 1007 bellum
396 945 588 1022 intulerunt,
605 956 662 1029 qui
682 949 851 1029 principes
873 958 968 1011 erant
989 956 1090 1011 totius
1111 948 1211 1012 Grae-

161 1059 250 1133 ciae;
279 1065 418 1139 quorum
445 1059 564 1140 imperi
590 1060 755 1135 maiestas,
784 1079 893 1142 neque
920 1062 966 1122 ita
993 1060 1109 1161 multo,
1125 1071 1209 1141 post,

162 1170 337 1233 Leuctrica
361 1178 476 1252 pugna
499 1171 541 1233 ab
566 1171 627 1235 hoc
655 1173 749 1234 initio
777 1173 930 1253 perculsa
957 1172 1109 1236 concidit.
1129 1154 1211 1254 llllr

160 1283 261 1364 igitur
298 1283 483 1359 duodecim,
521 1291 660 1366 quorum
694 1284 763 1347 dux
801 1294 871 1347 erat
911 1285 1097 1366 Pelopidas,
1134 1305 1209 1348 cum

161 1394 306 1458 Athenis
319 1394 461 1458 interdiu
476 1406 630 1473 exissent,
644 1406 680 1460 ut
692 1405 949 1479 vesperascente
966 1397 1059 1460 caelo
1074 1397 1210 1460 Thebais
1234 1420 1264 1456 10

160 1517 299 1589 possent
318 1518 500 1589 pervenire,
519 1529 595 1572 cum
615 1509 753 1572 canibus
769 1510 930 1573 venaticis
951 1512 1110 1585 exierunt,
1127 1512 1211 1572 retia

161 1619 317 1696 ferentes,
334 1628 455 1683 vestitit
472 1631 604 1703 agresti,
623 1630 689 1704 quo
706 1624 833 1685 minore
856 1623 1043 1705 suspicione
1059 1624 1211 1686 facerent

160 1733 230 1795 iter.
278 1733 441 1815 Quicum
464 1744 614 1816 tempore
636 1735 709 1817 ipso
734 1744 800 1817 quo
824 1734 1020 1799 studuerant
1045 1739 1211 1819 pervenis-

160 1855 244 1921 sent,
261 1845 396 1907 domum
414 1846 577 1910 Charonis
594 1847 817 1924 deverterunt,
840 1855 860 1911 a
880 1857 946 1930 quo
967 1859 1001 1912 et
1022 1860 1155 1931 tempus
1177 1859 1211 1912 et

160 1957 230 2020 dies
245 1968 317 2021 erat
332 1959 439 2022 datus.
634 1998 636 2002 -
1235 1986 1264 2041 15

478 2179 531 2225 The
545 2176 610 2237 iolly
626 2177 652 2224 oi
666 2179 711 2225 the
727 2181 902 2241 magistrates.
963 2242 1002 2273 Ἤ
1065 2224 1071 2239 ,
1112 2242 1115 2250 ,

205 2305 271 2366 ΙΙΙ.
305 2306 381 2367 Hoc
400 2304 473 2368 loco
492 2304 572 2369 libet
591 2305 811 2386 interponere,
829 2314 892 2368 etsi
911 2305 1097 2368 seiunctum
1116 2306 1158 2369 ab
1177 2314 1213 2368 re

159 2417 330 2498 proposita
357 2427 417 2493 est,
445 2417 547 2480 nimia
578 2417 702 2480 fiducia
731 2426 875 2499 quantae
903 2417 1082 2480 calamitati
1108 2418 1213 2480 soleat

158 2549 241 2593 esse.
289 2530 378 2592 Nam
398 2522 652 2612 magistratuum
673 2528 876 2592 Thebanoru
919 2530 1044 2627 statim
1063 2530 1106 2592 ad
1125 2540 1213 2592 auris

159 2641 455 2723 pervenitexsules
471 2643 504 2705 in
518 2641 633 2705 urbem
649 2643 789 2705 venisse.
838 2642 878 2704 Id
894 2618 941 2704 illi
952 2642 1029 2704 irino
1041 2643 1213 2725 epulisque

158 2752 262 2817 dediti
286 2724 395 2836 affl,
411 2762 451 2818 eo
471 2754 694 2836 despexerunt
717 2764 753 2816 ut
774 2761 816 2816 ne
837 2775 995 2836 quaerere
1016 2754 1148 2836 quidem
1171 2756 1212 2817 de
1236 2773 1266 2807 20

201 2933 223 2968 2.
242 2920 378 2970 omnino:
398 2922 428 2969 in
445 2921 490 2970 all.
536 2933 559 2984 3.
577 2922 750 2983 paucitate:
773 2921 891 2986 handful.
931 2935 955 2981 4.
972 2920 1125 2982 perculsa:
1145 2937 1214 2969 over-

159 3002 256 3052 thrown
282 3003 360 3066 (from
375 3003 509 3067 percelli).
553 3017 575 3067 7.
597 3005 704 3066 imperi
728 3005 887 3054 maiestas:
917 3009 1040 3066 magnum
1066 3006 1212 3067 imperium.

160 3084 183 3134 8.
201 3086 375 3136 Leucttioi:
391 3088 423 3152 os
427 3088 543 3136 leuctra.
552 3088 705 3149 -pt'tgnaz
726 3087 774 3135 abl.
788 3086 817 3134 of
828 3102 915 3135 means
928 3086 1073 3150 explaining
1085 3088 1212 3150 perculsa.

158 3169 240 3217 —ab
260 3168 321 3218 hoo
339 3169 444 3218 initio:
469 3170 540 3232 gives
559 3168 602 3217 the
622 3185 695 3218 cause
720 3169 749 3217 ol
763 3170 882 3233 perculso
902 3169 1015 3217 concidit.
1064 3182 1100 3218 10.
1123 3169 1214 3218 inter-

159 3251 227 3300 dio:
257 3250 301 3299 the
330 3252 445 3315 opposite
475 3251 504 3299 of
531 3254 898 3314 nocui—vesperascente
926 3251 1028 3301 caelo:
1066 3251 1097 3300 cf.
1121 3259 1214 3315 vesper,

159 3335 273 3398 evening.
316 3347 352 3383 11.
369 3334 535 3384 venaticis:
556 3334 587 3383 ci.
600 3339 685 3393 venor,
709 3335 922 3384 huna—retia:
943 3341 1001 3382 nets.
1028 3347 1064 3382 12.
1082 3335 1211 3397 agresti:

159 3415 271 3480 cioger,
304 3430 340 3478 14,
353 3417 564 3467 deverterunt:
579 3418 677 3467 ievid.
709 3418 745 3465 16.
757 3417 883 3467 libem
890 3417 980 3465 should
989 3417 1045 3465 like.
1074 3429 1110 3480 17.
1122 3418 1214 3465 nimia

159 3498 288 3549 fidncia:
307 3506 346 3548 too
361 3500 434 3548 much
452 3500 777 3566 confidence.—quantae
795 3500 977 3550 calamitati:
997 3499 1048 3548 dat.
1061 3499 1089 3547 of
1104 3500 1209 3558 service3

161 3582 250 3630 render
267 3581 300 3644 by
316 3583 388 3646 pred.
405 3598 472 3631 nom.
515 3596 551 3644 19.
575 3583 685 3644 epulis:
713 3583 744 3632 cf.
762 3584 855 3646 epulor.
902 3594 940 3630 20.
958 3583 1056 3643 deque
1073 3582 1125 3631 eo:
1145 3583 1213 3630 odeo.

160 3687 192 3698 -
202 3664 423 3725 ddspdxdrunt:
450 3669 656 3729 contempserunt.
