2792 4142
187 168 254 261 136
511 177 746 247 continuus
775 177 905 236 Nauos

179 361 279 430 modo
290 360 419 427 millum
434 361 670 427 ditrimentum
682 360 932 439 existimatidnis
945 361 1034 438 fecit,
1047 361 1107 427 sed
1122 363 1234 447 quoad

177 473 267 550 vixit,
284 472 443 538 virtutum
460 474 558 538 laude
574 472 686 538 crevit.

549 648 602 695 Tha
616 647 736 708 wiltiuga
751 646 778 695 of
792 646 862 695 cato.

222 759 288 822 III.
321 759 362 822 In
382 758 537 823 amnibus
557 758 657 822 rebus
673 759 835 840 singulari
850 757 914 822 fuit
929 758 1099 823 industn‘zi.
1145 760 1233 824 Nam

178 880 212 936 et
228 872 373 953 agricola
393 871 510 935 sollers
532 880 567 934 et
590 879 717 954 peritus
740 870 820 934 iuris
842 871 1014 934 cunsultus
1036 881 1071 935 et
1091 879 1235 955 mignus

135 1003 149 1057 5
177 984 406 1067 imperitaret
422 983 603 1066 probabilis
619 989 730 1047 <iratur
744 993 779 1046 et
797 982 1033 1064 cupidissimus
1049 983 1233 1048 litterzirum

177 1095 250 1158 fuit.
298 1096 449 1179 Quarum
480 1096 626 1159 studium
656 1104 721 1158 etsi
751 1095 861 1159 senior
891 1096 1092 1179 adripuerat,
1119 1106 1233 1160 tamen

177 1216 307 1272 tantum
333 1215 549 1296 prdgressum
575 1207 656 1271 fecit
682 1216 720 1270 ut
744 1214 812 1279 nun
839 1207 939 1275 facile
964 1217 1102 1291 reperiri
1128 1209 1234 1292 possit

177 1339 286 1402 neque
305 1319 347 1382 de
363 1321 499 1384 Graecis
520 1339 629 1405 neque
649 1320 691 1382 dr}
711 1311 837 1383 Italicis
856 1319 956 1409 rebus
975 1320 1064 1402 quod
1082 1329 1114 1382 ei
1133 1320 1235 1383 fuerit

176 1431 391 1513 incdgnitum.
434 1431 491 1494 Ab
508 1431 735 1495 adulescentia
752 1431 1083 1495 cdnfecitdratidnes.
1124 1432 1235 1496 Senex

120 1561 151 1599 ιο
178 1544 331 1608 historias
358 1543 501 1606 scribere
531 1544 683 1607 instituit.
732 1544 857 1606 Earum
885 1553 963 1607 sunt
992 1542 1067 1606 libri
1093 1553 1231 1624 septem.

178 1656 306 1717 Primus
329 1657 476 1719 continet
498 1645 689 1737 res'gestas
717 1662 834 1738 regum
863 1657 979 1739 populi
1006 1656 1159 1731 Remini,
1185 1675 1236 1720 se-

177 1767 306 1831 cundus
318 1776 351 1829 et
362 1767 478 1830 tertius
491 1767 580 1829 unde
593 1787 746 1849 quaeque
763 1767 880 1831 civitais
898 1777 970 1831 orta
987 1766 1029 1831 sit
1046 1757 1172 1842 Italica,
1190 1767 1233 1830 ob

176 1898 276 1960 quam
292 1898 361 1941 rem
378 1888 484 1942 omnis
497 1876 655 1961 Origines
667 1879 799 1943 viditur
811 1879 1010 1961 appellasse.
1058 1879 1099 1941 In
1114 1887 1234 1960 quarti>

172 1997 289 2051 autem
305 1987 429 2052 bellum
447 1989 609 2053 Punicum
625 2000 677 2053 est
693 2000 846 2074 primum,
860 1990 894 2054 in
907 1998 1022 2074 quinti>
1037 1991 1230 2054 secundum.

119 2124 148 2179 15
175 2105 290 2187 Atque
306 2105 389 2168 haec
405 2104 517 2177 amnia
532 2103 738 2186 capitulatim
756 2112 834 2166 sunt
849 2102 947 2166 dicta.
996 2101 1139 2184 Reliqua
1154 2123 1234 2184 quo·

175 2237 240 2299 que
255 2216 344 2280 bella
359 2226 432 2299 pari
450 2216 549 2279 modi>
568 2223 765 2297 persecutus
785 2224 837 2278 est
857 2221 963 2296 iisque
982 2215 1025 2277 ad
1041 2222 1232 2296 praeturam

176 2329 246 2394 Ser.
259 2329 393 2404 Galbae,
405 2337 462 2410 qui
477 2328 611 2410 diripuit
629 2326 819 2391 Lisitinds.
863 2328 977 2409 Atque
996 2327 1114 2390 hdrum
1134 2326 1234 2389 bella

175 2461 248 2504 rum
264 2443 366 2505 duces
378 2449 445 2504 nim
458 2440 648 2515 ndminzivit,
662 2439 722 2502 sed
739 2438 810 2503 sine
826 2439 1016 2502 numinibus
1029 2446 1082 2501 res
1095 2438 1230 2501 notavit.

177 2552 217 2614 In
227 2552 333 2616 isdem
349 2552 500 2635 exposuit
516 2571 602 2636 quae
618 2550 651 2613 in
665 2544 764 2614 Italia
782 2551 1023 2633 Hispaniisque
1040 2551 1233 2613 viderentur

117 2683 148 2720 20
176 2664 378 2727 admiranda.
413 2664 454 2726 In
470 2664 590 2745 quibus
607 2663 712 2726 multa
728 2662 891 2726 industria
906 2672 940 2726 et
959 2662 1131 2744 diligentia
1146 2681 1234 2725 com-

175 2784 278 2858 paret,
296 2776 388 2839 nulla
403 2776 562 2839 doctrina.
961 2834 964 2840 .

221 2888 331 2951 Huius
352 2888 395 2950 de
412 2895 481 2950 vitai
501 2896 535 2950 et
556 2886 703 2950 muribus
725 2886 821 2969 plura
843 2886 877 2949 in
899 2893 939 2950 ei>
960 2885 1044 2950 libra
1064 2892 1233 2968 persecuti

174 3019 289 3063 sumus
310 3019 410 3081 quem
436 2999 615 3081 separatim
639 2999 681 3061 de
708 3007 749 3063 ed
772 2998 914 3062 fecimus
935 3005 1054 3079 rogatu
1076 2998 1115 3062 T.
1139 2999 1233 3061 Pom·

175 3119 255 3193 pdni
269 3111 384 3174 Attici.
432 3111 508 3193 Qua
526 3118 562 3174 re
581 3110 746 3173 studidsds
764 3110 901 3175 Catdnis
920 3111 963 3173 ad
978 3109 1059 3173 illud
1074 3109 1233 3174 volumen

114 3248 146 3302 25
175 3223 378 3305 delegamus.

215 3389 239 3436 4.
263 3375 388 3426 sollers:
417 3375 638 3441 skufta-lutis
655 3374 832 3424 cdnsultuaz
857 3374 958 3438 lawyer.
997 3386 1020 3439 5.
1044 3372 1229 3435 probabilis:

170 3459 295 3524 pleasing.
335 3458 359 3508 6.
382 3458 571 3519 adripuerat:
599 3456 655 3505 tad
672 3456 749 3506 taken
777 3465 819 3521 up.
862 3469 898 3522 15.
921 3456 1132 3521 capitulatim:
1162 3472 1231 3504 surn-

177 3543 280 3605 rnarily.
317 3553 353 3604 17.
367 3540 506 3602 timpum:
521 3539 673 3603 plundered.
708 3541 931 3600 zucamparet:
955 3547 1070 3604 appears.
1107 3553 1145 3589 21.
1159 3537 1232 3588 (loo-

176 3625 269 3674 trina:
289 3625 416 3690 learning.
451 3635 490 3671 22.
507 3621 593 3683 plura
604 3621 777 3682 persecuti:
794 3622 857 3670 have
868 3621 966 3670 treated
974 3638 1043 3681 ¹enare
1055 3622 1084 3670 in
1097 3622 1182 3671 detail.
