2792 4142
185 150 229 224 52
511 139 744 198 CORNELIUS
781 137 910 194 NEPOS

120 323 121 326 ’
185 326 374 407 pertineret,
393 332 535 407 megnus
555 323 759 386 multitudini
778 323 877 384 timor
893 330 943 383 cst
959 320 1099 383 iniectus
1116 328 1240 403 nequa

184 448 361 521 repentina
398 448 449 500 vis
484 439 518 500 in
552 436 684 500 civitete
718 395 1019 563 effereffle
1054 433 1238 497 libertetem

185 550 387 634 opprimeret
407 551 529 630 populi.
588 551 662 612 Hec
683 548 825 610 mexime
844 528 1021 638 convenrre
1041 546 1075 607 in
1095 546 1239 609 Alcibia-

715 660 790 723 dem
815 659 997 734 videbatur,
1015 659 1103 740 quod
1127 668 1160 721 et
1183 680 1239 741 po-

714 773 835 835 tentior
851 781 885 834 et
902 772 1005 834 meior
1018 791 1117 852 quarn
1134 779 1238 854 prive-

714 895 768 947 tus
807 859 1249 1071 existifflbfituffiffss(

715 997 803 1060 enirn
820 996 1015 1060 liberelitete
1035 996 1110 1059 devr
1156 1006 1236 1072 erat,

715 1110 818 1190 pletis
848 1111 947 1172 etiarn
980 1116 1082 1190 opere
1110 1110 1237 1172 forensi

715 1231 792 1286 sues
822 1222 1018 1285 reddiderat.
1092 1221 1167 1303 Qua
1203 1229 1238 1285 re

715 1336 819 1399 fiebat
857 1344 892 1397 ut
929 1335 1076 1398 omnium
1115 1335 1236 1410 ocules

715 1448 1010 1531 quotienscumque
1056 1448 1088 1510 in
1135 1448 1238 1530 publi-

593 1641 596 1647 *
716 1581 792 1624 curn
820 1561 994 1644 predisset‚
1022 1561 1064 1622 ad
1094 1568 1130 1639 se
1162 1581 1237 1623 con-

655 1662 658 1667 ’
715 1683 859 1737 verteret
885 1693 993 1755 neque
1017 1683 1048 1736 ei
1070 1680 1130 1754 per
1153 1674 1237 1755 quis·
1265 1662 1269 1668 ’

716 1808 815 1869 quarn
840 1787 872 1850 in
892 1789 1024 1851 civitete
1046 1795 1232 1870 peneretur.

719 1902 837 1983 Itaque
859 1909 926 1963 nen
952 1902 1057 1963 selum
1083 1900 1237 1995 spem'in

390 1999 500 2034 nunnus
717 2022 757 2077 ee
781 2013 950 2077 habebant
974 2012 1237 2129 meximarhsed

187 2133 287 2196 etiarn
314 2131 476 2207 timerem,
504 2130 593 2212 quod
620 2139 654 2192 et
678 2070 796 2214 odie's's'e
821 2130 998 2211 plerimum
1021 2141 1055 2194 et
1080 2105 1239 2214 pradd'se

168 2238 327 2329 'poterat
376 2243 630 2361 Affigerbffis
656 2242 755 2325 ettam
781 2242 930 2318 insemie,
957 2245 1045 2325 quod
1075 2245 1109 2306 in
1140 2245 1239 2307 dorne

188 2365 248 2421 sue
272 2359 384 2420 faeere
413 2357 570 2442 mysteria
596 2355 777 2430 dicebatur,
805 2357 894 2437 quod
919 2358 1016 2441 nefes
1046 2367 1118 2420 erat
1148 2365 1238 2420 merc

137 2500 167 2534 20
188 2469 464 2555 Atheniensium;
499 2468 597 2550 idque
622 2476 688 2530 nen
717 2467 759 2529 ad
787 2467 991 2550 religienem,
1017 2470 1076 2531 sed
1098 2469 1139 2532 ad
1163 2489 1238 2533 con-

188 2582 384 2644 iuretienem
408 2583 574 2662 pertinere
598 2580 856 2644 existimebetur.

188 2795 329 2842 Alcibiades
345 2797 393 2842 has
402 2796 430 2842 to
440 2795 489 2842 sail
500 2794 611 2842 without
625 2794 743 2855 pleading
756 2796 796 2841 his
811 2807 896 2842 cause.
926 2796 963 2842 He
977 2795 1001 2843 is
1016 2797 1129 2843 declared
1144 2797 1237 2858 guilty,

435 2870 483 2916 and
498 2869 613 2916 recalled.
643 2868 679 2916 On
693 2870 739 2916 the
753 2881 813 2930 way
828 2870 860 2916 he
875 2882 988 2929 escapes.

234 3025 291 3088 IV.
326 3024 401 3087 Hec
429 3023 565 3087 crimine
592 3025 626 3086 in
654 3025 807 3113 centiene
833 3025 875 3088 ab
900 3025 1040 3089 inimicis
1065 3018 1252 3110 compella?

188 3137 292 3200 betur.
316 3135 416 3247 ‘Sed
443 3136 590 3199 instebat
617 3146 750 3219 tempus
778 3138 819 3199 ad
847 3138 969 3200 bellunr
998 3139 1237 3221 proficiscendi.

189 3250 229 3312 Id
246 3249 299 3313 ille
316 3248 448 3311 intuens
465 3269 572 3331 neque
588 3256 748 3330 ignerans
770 3250 890 3313 civium
911 3259 1044 3314 suerum
1067 3260 1240 3315 censuetu-

137 3392 167 3446 25
188 3363 299 3425 dinem
326 3360 524 3444 postulebat,
548 3372 574 3425 si
601 3362 679 3443 quid
706 3362 747 3424 de
772 3370 807 3424 se
831 3373 886 3443 agi
908 3364 1040 3438 vellent,
1064 3365 1174 3447 potius
1199 3366 1240 3427 de

188 3484 364 3557 praesente
384 3472 534 3563 quaesti'e
553 3473 730 3537 haberetur
753 3495 850 3556 quam
876 3475 997 3538 absens
1020 3476 1163 3561 invidiae
1182 3487 1240 3540 cri-

188 3586 276 3650 mine
303 3592 523 3649 accerseretur.
550 3609 552 3616 ’
583 3586 713 3649 Inimici
739 3594 817 3649 vere
845 3586 914 3650 eius
941 3578 1177 3669 quiescendum
1205 3588 1239 3650 in

540 3680 544 3703 r

574 3854 593 3902 K}
618 3840 622 3849 x
