2792 4142
199 183 244 269 78
532 193 764 251 CORNELIUS
796 193 923 251 Nepos

198 486 355 552 sisterent
385 498 421 552 ut
449 488 572 571 singuli
602 496 621 550 a
648 492 850 572 peritissimo
875 490 1073 570 imperatore
1101 482 1254 572 dispositi

197 599 396 664 viderentur.
446 603 522 665 Hoc
534 605 678 666 exercito
697 623 824 665 moram
847 602 1186 665 Lacedaemoniorum
1208 604 1254 664 in-

147 756 149 761 ·
197 713 337 789 terfacit,
369 714 458 796 quod
490 716 632 777 maxima
664 722 735 777 tota
765 714 969 778 celebratum
1012 724 1063 777 est
1101 713 1251 778 Graecia.

146 839 160 892 5
199 827 325 889 Iterum
354 827 471 889 eodem
499 826 586 890 bello
606 837 714 890 omnis
742 827 855 909 copias
880 835 993 890 eorum
1019 826 1159 908 fugavit,
1186 837 1254 910 quo
1327 810 1331 815 ⁴

197 939 289 1002 facto
314 946 470 1020 magnam
497 940 638 1021 adeptus
663 949 715 1002 est
742 941 892 1021 gloriam.
940 940 1025 1004 Cum
1049 939 1253 1003 Artaxerxes

197 1051 371 1136 Aegyptio
386 1060 458 1132 rogi
472 1053 595 1115 bellum
611 1053 866 1144 inferrehvoluit,
886 1045 1079 1134 Iphicraten
1095 1052 1137 1114 ab
1149 1052 1254 1115 Athe-

197 1164 368 1227 niensibus
384 1164 502 1226 ducem
519 1166 645 1245 petivit,
663 1184 762 1247 quem
780 1165 975 1246 praeficeret
997 1164 1155 1227 exercitui
1177 1184 1253 1228 con-

198 1277 349 1352 ductitio,
371 1276 464 1339 caius
486 1297 643 1339 numerus
665 1277 841 1340 duodecim
865 1276 990 1339 milium
1011 1278 1083 1340 fuit.
1142 1277 1253 1359 Quem

148 1415 177 1450 10
197 1390 331 1471 quidem
363 1400 409 1451 sic
441 1400 532 1451 omni
561 1389 734 1471 disciplina
766 1389 897 1452 militari
919 1389 1060 1452 erudivit
1083 1399 1128 1465 ut,
1153 1410 1253 1471 quem

198 1502 395 1564 admodum
427 1502 593 1583 quondam
623 1502 763 1564 Fabiani
788 1501 907 1564 milites
937 1503 1065 1564 Romae
1092 1502 1253 1583 appellati

198 1625 285 1689 sunt,
314 1624 360 1677 sic
389 1607 635 1696 iphicratonsos
662 1615 751 1697 apud
775 1616 920 1679 Graecos
943 1613 975 1675 in
1001 1620 1131 1676 summa
1155 1615 1253 1677 laude

197 1727 331 1789 fuerint.
380 1719 475 1790 idem
495 1727 642 1790 subsidio
671 1726 946 1790 Lacedaemoniis
969 1727 1140 1808 profectus
1164 1727 1252 1808 Epa-

198 1840 376 1903 minondae
403 1840 582 1902 retardavit
609 1840 762 1921 impetos.
812 1841 901 1902 Nam
922 1839 985 1901 nisi
1001 1841 1071 1901 oius
1088 1839 1252 1901 adventus

149 1970 177 2022 ις
198 1954 509 2035 appropinquasset,
532 1960 599 2014 non
625 1952 716 2034 prius
742 1953 896 2015 Thebani
924 1952 1045 2033 Sparta
1076 1950 1254 2014 abscessis-

199 2075 273 2128 sent
289 2086 388 2147 quam
406 2075 539 2147 captam
556 2065 711 2128 incendio
727 2065 901 2128 dolassent.

355 2336 401 2383 His
416 2348 570 2395 appearance
585 2337 634 2382 and
648 2338 787 2384 character.
818 2336 944 2385 Anecdote
959 2337 985 2385 of
1000 2339 1041 2385 hia
1057 2350 1109 2385 son.

243 2508 309 2570 III.
344 2508 422 2568 Fuit
438 2516 549 2569 autem
566 2517 599 2569 et
620 2509 732 2569 animo
754 2514 877 2588 magno
899 2518 933 2572 et
954 2528 1092 2590 corpore
1113 2509 1253 2589 impera-

197 2622 346 2700 toriaque
363 2620 481 2693 forma,
495 2629 532 2681 ut
547 2621 620 2701 ipso
636 2627 775 2701 aspecto
793 2622 896 2683 cuivis
913 2622 1050 2685 iniceret
1067 2621 1253 2685 admiratio

198 2751 274 2793 nem
291 2741 350 2805 sui,
365 2731 422 2792 sed
440 2733 474 2792 in
491 2731 602 2816 labore
620 2734 718 2795 nimis
734 2733 892 2796 remissus
909 2754 1092 2816 parumque
1109 2734 1251 2815 patioris,

146 2871 176 2907 20
197 2853 234 2905 ut
265 2844 506 2923 Theopompus
537 2846 715 2907 memoriae
747 2845 900 2927 prodidit,
928 2846 1036 2909 bonus
1063 2852 1141 2908 varo
1171 2846 1253 2909 civis

197 2955 327 3036 fidoque
344 2961 474 3035 magna.
519 2956 618 3038 Quod
635 2977 709 3019 cum
728 2956 762 3018 in
779 2958 850 3019 aliis
867 2958 965 3020 robus
978 2958 1166 3033 declaravit,
1179 2967 1252 3020 tum

197 3067 338 3129 maximo
358 3069 391 3129 in
414 3068 585 3151 Amyntae
611 3047 807 3132 Macedonis
829 3070 939 3133 liberis
961 3070 1102 3132 tuendis.
1151 3071 1252 3132 Nam-

196 3199 260 3261 que
292 3179 468 3264 Eurydica,
500 3187 605 3243 mater
637 3181 814 3244 Perdiccae
845 3192 879 3244 et
910 3182 1064 3264 Philippi,
1092 3202 1168 3244 cum
1199 3182 1251 3244 his

196 3291 325 3356 duobus
347 3302 458 3373 pueris
481 3293 633 3376 Amynta
654 3302 785 3357 mortuo
812 3295 854 3357 ad
876 3287 1069 3376 iphicratan
1096 3294 1250 3375 confagit

144 3421 174 3477 25
196 3404 332 3487 eiusque
347 3404 467 3486 opibus
483 3406 624 3470 dofensa
640 3416 700 3469 est.
747 3407 838 3470 Vixit
860 3407 901 3469 ad
918 3414 1125 3470 senectotem
1143 3407 1250 3486 placa-

195 3526 237 3581 tis
253 3519 287 3579 in
309 3525 345 3580 so
367 3525 500 3581 suorum
522 3519 642 3581 civium
664 3518 792 3581 animis.
841 3519 985 3582 Causam
1007 3519 1123 3601 capitis
1148 3519 1250 3581 semel

195 3630 285 3707 dixit,
309 3629 398 3694 bello
420 3631 543 3706 sociali,
569 3629 666 3692 simul
689 3650 765 3693 cum
790 3631 975 3706 Timotheo,
999 3639 1105 3713 eoque
1130 3630 1250 3693 iodicio
