2792 4142
212 204 259 273 94
536 190 770 250 CORNELIUS
802 191 930 250 NEPOS

211 373 356 439 exercite
381 382 594 439 remeverunt
621 376 831 458 pecenieque
855 375 1055 452 multarunt3
1085 395 1193 459 neque
1224 385 1265 440 ee

184 489 319 569 ‘magis
357 508 467 551 arcem
505 488 676 551 Thebenis
715 487 940 563 reddiderunt,
973 488 1062 570 quod
1100 498 1265 571 susceptis

211 600 389 663 inimicitiis
417 600 521 664 satius
548 600 717 664 decebant
743 608 801 664 ees
828 600 973 664 obsideri
998 620 1097 684 quam
1122 599 1263 664 libereri.

213 713 301 775 Nam
326 723 402 795 post
426 713 705 794 Peloponnesium
729 713 853 776 bellum
877 712 1098 796 Athenesque
1117 712 1266 777 devictes

160 842 175 896 s
213 846 289 888 cum
313 826 483 889 Thebenis
511 825 573 888 sibi
594 846 664 890 rem
689 845 764 890 esse
790 825 1024 889 existimabant
1049 834 1083 888 et
1107 833 1165 888 ees
1190 846 1263 889 esse
1298 809 1308 817 ⁵

212 937 301 1001 seles
331 949 388 1021 qui
419 939 578 1002 adversus
609 946 646 1002 se
676 938 793 1002 sistere
824 937 995 1002 auderent.
1044 938 1120 1001 Hee
1152 946 1265 1002 mente

212 1060 325 1114 amicis
364 1061 432 1114 suis
467 1058 614 1114 summes
649 1057 832 1133 potestetes
866 1050 1029 1114 dederant
1062 1049 1264 1133 alteriusque

212 1163 367 1226 factienis
384 1164 551 1246 principes
564 1166 686 1245 partim
702 1165 950 1239 interfecerant,
964 1164 1046 1226 alies
1062 1165 1096 1227 in
1112 1164 1263 1227 exsilium

213 1277 397 1353 eiecerant3
429 1278 463 1338 in
495 1277 615 1358 quibus
648 1276 825 1359 Pelopidas
856 1277 920 1353 hic,
948 1277 991 1341 de
1021 1284 1088 1359 que
1117 1276 1263 1340 scribere

163 1409 192 1445 10
212 1396 320 1451 exersi
336 1409 459 1465 sumus,
477 1390 593 1471 pulsus
609 1389 718 1472 patrie
735 1389 877 1453 carebat.
1235 1379 1238 1384 ¹

375 1612 428 1659 Tha
443 1613 497 1671 plot
511 1611 551 1660 for
565 1613 709 1673 recovsring
724 1613 822 1661 Thebes
836 1613 901 1661 from
915 1615 960 1663 tho
976 1613 1110 1673 Spartans.

257 1741 306 1802 II.
341 1741 390 1819 Hi
410 1747 526 1803 omnes
548 1742 619 1804 fere
639 1741 794 1804 Athenes
816 1749 852 1804 se
864 1700 1091 1818 lentulerant,
1110 1749 1176 1804 nen
1198 1749 1265 1824 que

212 1862 432 1949 sequerentur
453 1855 567 1929 etium,
586 1854 645 1916 sed
661 1863 697 1916 ut
714 1836 813 1935 quem
835 1874 876 1917 ex
896 1855 1052 1947 proxime.
1066 1853 1174 1918 locum
1191 1854 1262 1917 fors

213 1936 397 2041 obtulisset,
429 1974 470 2028 ee
502 1968 642 2048 patriam
674 1974 872 2048 recuperere
904 1930 1095 2030 niterentur.
1144 1968 1263 2049 Itaque

213 2098 288 2141 cum
305 2087 439 2159 tempus
455 2088 544 2141 esset
559 2089 667 2142 visum
687 2089 735 2142 rei
755 2080 933 2160 gerendae,
950 2081 1170 2143 commeniter
1186 2099 1262 2142 cum

163 2217 191 2268 15
212 2193 252 2253 iis
283 2200 340 2273 qui
369 2190 495 2253 Thebis
525 2191 614 2254 idem
645 2192 844 2268 sentiebant,
876 2192 963 2255 diem
994 2171 1190 2273 delegerunt
1220 2192 1264 2254 ad

213 2303 363 2367 inimices
379 2305 618 2384 opprimendes
635 2307 870 2387 civitetemque
886 2304 1092 2480 libJaneam
1109 2325 1185 2368 eum
1198 2312 1266 2387 que

213 2416 346 2478 maximi
362 2417 577 2496 magistrates
597 2418 694 2480 simul
714 2407 916 2481 censuerant
951 2408 1066 2500 puleri.
1116 2419 1264 2498 Megnae

213 2551 314 2612 saepe
330 2539 382 2593 res
399 2539 466 2593 nen
483 2531 529 2594 ita
546 2537 675 2611 magnis
692 2530 797 2612 cepiis
811 2540 888 2593 sunt
900 2530 1025 2612 gestae,
1040 2530 1098 2593 sed
1112 2530 1266 2612 profecte

212 2664 394 2728 numquam
418 2653 486 2706 tam
511 2642 552 2706 ab
576 2653 669 2706 tenui
691 2645 785 2706 initie
808 2653 921 2706 tantae
945 2651 1027 2726 opes
1054 2651 1131 2705 sunt
1158 2641 1266 2724 prefli-

259 2846 279 2882 1.
302 2834 481 2884 mutarunt:
493 2833 575 2900 fitted.
618 2846 640 2882 2.
659 2834 814 2895 susceptis
831 2833 1012 2884 inim101111m
1031 2849 1089 2881 cum
1105 2834 1158 2881 iam
1174 2833 1265 2880 inimi·

212 2918 286 2965 cities
302 2918 469 2980 suscepissent.
515 2929 538 2980 3.
558 2917 670 2966 satius:
691 2917 830 2965 atilius.-
841 2917 1014 2966 decebant:
1027 2916 1263 2980 putebant-ob

212 2999 318 3048 sideri:
340 3001 369 3048 in
381 3000 507 3048 obsidiene
519 3003 607 3049 teneri.
641 3014 665 3061 4
683 3000 822 3049 Atheneo
834 3000 990 3049 devictas:
1006 3006 1139 3064 postquam
1152 2999 1266 3047 Atlte'nae

212 3083 319 3130 devictae
329 3090 397 3131 sunt.
430 3095 452 3147 5.
465 3082 598 3132 sibirem
610 3094 694 3132 esse:
707 3082 1008 3146 thattheyhadtoreckon
1017 3083 1085 3131 with.
1112 3094 1149 3130 10.
1161 3081 1267 3131 exerui

212 3177 330 3214 sumus:
351 3166 535 3230 Ihavebegun.
572 3178 609 3213 11.
630 3165 705 3215 iere:
731 3166 826 3214 almost.
861 3178 898 3213 12.
920 3165 1031 3214 etiumz
1051 3181 1067 3212 a
1080 3165 1199 3229 peacesul
1211 3165 1265 3229 life.

211 3260 341 3309 —quem
354 3284 359 3295 .
373 3248 508 3298 ..locum
521 3286 526 3297 .
540 3248 631 3299 ..eez
656 3253 685 3297 ei
706 3249 759 3297 loco·
779 3244 957 3312 qum-ex
976 3247 1131 3309 proxime:
1159 3247 1217 3294 close
1239 3253 1269 3296 at

211 3330 371 3392 tana-13.
383 3333 576 3392 recuperem:
592 3331 932 3395 recipere—nsterentur:
946 3335 1111 3379 cenerentur.
1138 3341 1174 3394 15.
1183 3329 1266 3379 idem

212 3413 399 3463 sentiebant:
419 3415 589 3477 sympathized
601 3414 661 3462 witta
682 3414 896 3463 them-diem:
917 3429 945 3460 as
964 3414 1003 3461 tlte
1020 3412 1076 3475 day.
1123 3411 1159 3461 16.
1180 3424 1264 3462 eum:
1293 3464 1296 3469 ,

212 3512 246 3544 sc.
270 3496 344 3545 diem.
387 3508 424 3559 17.
454 3496 652 3547 censuerant:
688 3497 803 3545 solebant.
816 3495 996 3557 -epularh
1022 3497 1098 3560 feast.
1146 3494 1185 3543 18.
1203 3495 1266 3544 nen

211 3580 256 3629 ita
273 3579 403 3641 magnius
427 3578 812 3645 insignificant.-proiecte:
835 3583 901 3627 vire.
941 3590 978 3639 19.
995 3579 1049 3627 ab:
1071 3579 1152 3643 from,
1165 3583 1210 3626 not
1226 3577 1262 3641 ty,

212 3662 355 3712 —tenurz
380 3667 519 3725 parve—
534 3663 623 3722 opes:
648 3661 992 3727 ponam—pressigetae:
1018 3656 1134 3709 devictae.
