2792 4142
185 207 254 279 134
450 196 454 202 ’
508 201 744 261 connubias
774 164 904 260 Ninos

179 383 294 464 Atque
313 383 377 445 hoc
397 382 507 447 Sosild
529 383 702 448 Hannibal
722 384 906 448 litterarum
927 384 1130 449 Graecarum
1150 391 1231 448 isus

177 503 229 558 est
244 495 388 558 doctore.
780 510 783 514 ·

223 606 291 671 Sed
313 615 375 670 nos
397 615 531 690 tempus
555 617 607 671 est
630 607 728 671 huius
751 607 826 670 libri
848 609 961 672 facere
984 607 1145 671 finem-et
1168 608 1232 671 Ro

178 725 352 781 manorum
382 718 548 801 explicare
578 718 805 801 imperatores,
833 728 900 802 quo
929 719 1061 782 facilius
1091 719 1231 783 conlatis

123 854 137 908 5
178 836 394 913 utrorumque
432 831 540 907 factis,
579 840 637 914 qui
672 831 734 894 viri
771 832 984 914 praeferendi
1021 830 1088 895 sint
1126 829 1234 914 possit

178 941 324 1005 iudicari.

637 1129 775 1158 -ὑθὺ-

310 1376 457 1440 LIBER
488 1376 554 1439 DE
586 1377 786 1442 LATINIS
818 1375 1099 1443 HISTORICIS

626 1576 772 1649 CATO

364 1786 450 1835 cato's
465 1799 550 1834 career
563 1799 598 1847 up
612 1790 640 1835 to
654 1789 700 1835 tho
715 1787 778 1835 time
792 1786 820 1835 of
833 1788 875 1835 his
890 1787 1044 1847 consulship.

149 1934 153 1945 '
222 1931 248 1995 I.
282 1931 329 1993 M.
359 1932 452 2007 Cato,
480 1941 571 1995 ortus
603 1930 784 2022 municipio
816 1932 972 2008 Tusculo,
1001 1931 1231 1995 adulescentu-

177 2043 238 2119 lus,
256 2044 348 2127 prius
364 2063 465 2128 quam
482 2043 662 2106 honoribus
678 2063 814 2135 operam
831 2044 934 2125 daret,
952 2051 1103 2130 versatus
1123 2043 1229 2106 estin

178 2155 319 2231 Sabinis,
343 2154 433 2237 quod
460 2154 505 2217 ibi
531 2154 703 2218 heredium
723 2132 748 2218 ‘a
773 2164 868 2238 patre
895 2155 1046 2219 relictum
1066 2154 1227 2218 habebat.

119 2296 149 2333 ιο
178 2268 262 2331 Inde
286 2268 418 2331 hortati
444 2267 482 2329 L.
499 2267 614 2330 Valeri
638 2268 759 2343 Flacci,
777 2287 877 2349 quem
901 2267 934 2329 in
958 2267 1132 2330 consulatu
1156 2274 1230 2330 cen·

89 2369 100 2388 ⁶
176 2362 467 2463 sfiraqueliabuit
496 2380 680 2460 conlegam,
708 2388 745 2442 ut
778 2381 824 2442 M.
855 2380 1030 2461 Perpenna
1060 2379 1230 2442 censorius

177 2499 311 2556 narrare
334 2490 450 2554 solitus
474 2499 534 2567 est,
554 2491 696 2555 Romam
721 2491 918 2573 demigravit
940 2491 1134 2574 inforoque
1155 2510 1229 2554 esse

139 2604 158 2637 l'
177 2605 296 2685 coepit.
357 2604 503 2666 Primum
535 2603 738 2685 stipendium
769 2603 890 2666 meruit
920 2612 1083 2666 annorum
1113 2603 1230 2666 decem

177 2725 382 2798 septemque.
431 2714 472 2796 Q.
497 2714 602 2778 Fabio
627 2716 673 2778 M.
701 2714 841 2780 Claudio
863 2715 1055 2779 consulibus
1078 2715 1230 2778 tribunus

121 2855 149 2908 ¹5
178 2828 317 2890 militum
339 2828 375 2889 in
400 2826 512 2891 Sicilia
539 2826 611 2890 fuit.
662 2827 746 2890 Inde
769 2836 806 2890 ut
829 2827 936 2903 rediit,
959 2836 1069 2890 castra
1095 2833 1230 2889 secutus

177 2949 229 3003 est
251 2940 287 3004 C.
305 2939 426 3004 Claudi
448 2938 602 3014 Neronis,
621 2945 800 3020 magnique
824 2959 928 3020 opera
951 2938 1021 3001 eius
1045 2937 1232 3001 existimata

177 3052 277 3115 estin
295 3051 421 3134 proelio
437 3050 526 3133 apud
544 3050 676 3125 Senam,
690 3059 758 3132 qud
773 3051 892 3114 cecidit
910 3048 1113 3126 Hasdrubal,
1127 3050 1232 3112 frater

181 3164 391 3231 Hannibalis.
439 3164 606 3248 Quaestor
625 3163 744 3245 obtigit
764 3164 798 3226 P.
816 3155 981 3228 Africano
1000 3164 1137 3238 consuli,
1154 3183 1231 3226 cum

220 3417 245 3465 4.
262 3400 411 3453 conlatis:
429 3400 569 3464 compared.
599 3412 621 3464 7.
638 3404 742 3451 ortus:
761 3406 844 3450 natus.
855 3399 1060 3461 -milnlclpld
1075 3417 1082 3448 z
1089 3400 1147 3465 free
1158 3405 1232 3447 town.

181 3486 205 3537 8.
216 3487 358 3536 venitus
369 3486 432 3534 eelz
451 3485 527 3532 vixit.
560 3497 583 3545 9.
596 3483 768 3534 hbrddium:
785 3484 913 3531 ancestral
921 3490 1002 3531 estate.
1035 3494 1072 3531 10.
1086 3482 1234 3531 odmflrfi:

182 3568 331 3633 censarsltip.
371 3579 407 3616 11.
426 3565 600 3615 <tonsorium
614 3567 653 3613 the
669 3581 806 3613 emansor.
844 3577 880 3626 13.
899 3565 1031 3613 Primum
1048 3563 1235 3625 stipendium

182 3652 310 3703 meruit:
329 3649 418 3699 servcd
434 3649 475 3697 his
488 3647 555 3714 first
569 3648 713 3711 campaign.
750 3645 788 3697 18.
806 3646 932 3709 obtigit:
954 3663 1007 3695 was
1025 3647 1126 3695 allotted
1139 3653 1169 3696 to.
