2792 4142
593 221 815 280 neusrmus
1149 229 1215 302 105

166 404 229 467 nisi
251 404 306 468 ille
329 403 457 479 fuisset,
483 405 638 487 Spartam
663 405 810 467 futuram
836 412 902 467 nan
927 405 1039 468 fuisse.
1088 405 1218 488 Inque

165 516 298 599 quidem
322 515 511 579 discrimine
534 516 685 579 celeritas
710 517 779 579 eius
803 517 919 580 sensili
942 518 1041 579 samu
1064 516 1127 580 fuit
1149 518 1219 579 ani-

164 638 276 692 versis.
317 629 405 690 Nam
418 649 494 692 cum
511 629 644 710 quidam
656 629 898 693 adulescentuli
913 629 1057 692 hostium
1070 629 1215 693 adventa

165 740 328 822 perterriti
359 741 401 802 ad
432 740 611 803 Thebanes
641 742 853 823 transfugere
883 742 1006 805 vellent
1040 751 1073 805 et
1107 743 1215 805 locum

164 860 257 915 extra
280 853 395 916 urbem
419 853 544 916 editum
568 853 744 936 cepissent,
765 854 954 935 Agesilaus,
977 864 1034 936 qui
1057 854 1216 935 pernicie
1254 871 1268 919 s

164 964 330 1031 sissimum
347 966 419 1027 iore
435 965 562 1028 videret
578 976 606 1028 si
624 966 892 1030 animadversum
909 976 996 1030 esset
1015 987 1214 1049 quemquam

164 1077 207 1140 ad
225 1077 330 1140 hostis
348 1077 560 1159 transfugere
576 1085 697 1154 cenati,
715 1098 791 1142 cum
809 1088 876 1142 suis
893 1086 934 1141 ee
948 1078 1039 1141 venit
1054 1088 1162 1160 atque,
1180 1088 1216 1141 ut

165 1199 193 1252 si
207 1189 295 1253 bone
314 1189 425 1252 anime
444 1190 611 1266 iecissent,
629 1189 776 1253 laudavit
794 1190 968 1254 censilium
987 1198 1110 1266 earum,
1128 1191 1215 1273 quod

164 1321 239 1364 eum
260 1303 368 1364 locum
390 1309 629 1383 occupassent3
654 1302 687 1364 id
709 1309 746 1365 se
766 1322 898 1385 quoque
919 1303 988 1366 fieri
1010 1303 1131 1365 debere
1150 1302 1217 1364 ani-

164 1413 389 1477 madvertisse.
437 1414 492 1478 Sic
519 1414 742 1477 adulescentis
773 1413 925 1477 simulata
957 1415 1144 1478 laudatiene
1169 1435 1215 1476 re·
1240 1435 1268 1471 ιο

164 1525 337 1607 cuperavit
360 1535 394 1588 et
420 1525 583 1589 adianctis
610 1527 653 1589 de
680 1535 748 1589 suis
773 1526 949 1590 comitibus
973 1527 1081 1590 locum
1106 1534 1214 1590 tatum

163 1637 304 1720 reliquit.
352 1639 507 1721 Namque
536 1638 585 1701 illi
614 1638 744 1702 adiecta
773 1647 912 1702 numere
938 1646 1051 1702 earum
1083 1649 1139 1722 qui
1165 1659 1216 1702 ex-

163 1757 274 1832 pertes
290 1760 385 1813 erant
403 1751 527 1827 censili,
547 1759 755 1815 commovere
777 1759 894 1814 senen
915 1762 992 1814 sunt
1011 1761 1090 1827 ausi,
1111 1760 1216 1833 eaque

163 1862 327 1939 libentius,
344 1863 433 1945 quod
449 1864 551 1927 latere
567 1862 811 1927 arbitrabantur
827 1884 912 1946 quae
927 1864 1163 1946 cegitaverant.

333 2038 380 2087 His
395 2040 555 2100 anchanging
570 2038 716 2103 patriotism
730 2042 779 2086 and
794 2040 935 2101 simplicity
949 2039 976 2088 uf
989 2040 1043 2088 lite.

206 2150 288 2214 VII.
321 2149 400 2215 Sine
421 2150 522 2213 dubie
543 2160 619 2232 post
643 2150 853 2214 Leuctricam
878 2158 1026 2233 pagnam
1050 2147 1215 2214 Lacedae·
1239 2177 1267 2229 ις

162 2262 264 2325 monii
280 2270 316 2325 se
327 2283 509 2345 numquam
526 2263 716 2327 reiecerunt
731 2283 839 2346 neque
852 2263 1027 2344 pristinum
1039 2263 1213 2345 imperium

162 2382 409 2456 recuperarunt,
431 2395 507 2438 cum
529 2375 660 2439 interim
682 2396 865 2458 numquam
888 2376 1068 2457 Agesilaus
1089 2376 1215 2439 destitit

162 2486 425 2570 quibuscumque
446 2488 545 2552 rebus
567 2497 680 2569 posset
702 2488 842 2572 patriam
864 2488 985 2551 iuvare.
1034 2487 1121 2550 Nam
1138 2509 1213 2551 cum

162 2598 341 2681 praecipue
355 2600 613 2663 Lacedaemonii
627 2600 814 2681 indigerent
830 2601 980 2681 pecunia,
994 2601 1048 2663 ille
1061 2600 1214 2664 omnibus

162 2722 218 2793 qui
241 2719 260 2774 a
285 2720 364 2794 rege
389 2714 581 2776 deiecerant
606 2713 771 2794 praesidia
795 2712 877 2790 fuit;
903 2720 922 2775 a
947 2713 1066 2795 quibus
1090 2721 1213 2794 magna
1236 2745 1266 2781 20

161 2824 303 2888 danatus
319 2825 461 2906 pecania
478 2824 619 2907 patriam
636 2825 830 2888 sublevavit.
876 2825 991 2907 Atque
1007 2828 1041 2888 in
1054 2826 1116 2889 hec
1133 2825 1213 2888 illud

162 2936 195 2998 in
224 2947 338 3017 primis
364 2937 428 3000 fuit
455 2936 656 3013 admirabile,
682 2958 758 3001 cum
784 2937 925 2999 maxima
951 2944 1090 3000 manera
1113 2948 1144 3001 ei
1170 2939 1212 3001 ab

206 3115 226 3151 1.
249 3103 308 3152 nini
330 3102 381 3152 ille
399 3102 520 3153 iulmtt
535 3104 589 3152 that
601 3104 656 3151 aad
667 3105 690 3151 ir
707 3111 750 3151 not
761 3104 819 3152 been
832 3104 947 3169 firrhim.
983 3116 1004 3152 2.
1024 3103 1210 3154 discnmtnez

160 3186 242 3233 crisis.
267 3197 288 3250 5.
302 3186 431 3234 editum:
446 3186 882 3247 altum.-pemrcrenrsatmum:
895 3187 974 3252 fatal.
1007 3199 1043 3235 10.
1055 3189 1211 3247 reeupera-

160 3267 220 3315 vit:
234 3284 291 3317 wan
303 3268 369 3318 back.
414 3281 450 3317 11.
468 3269 637 3318 adiunctis:
657 3285 691 3317 sc.
711 3269 869 3332 quibusdam.
907 3282 943 3317 12.
961 3269 1098 3318 adieet6:
1118 3270 1211 3319 addite.

160 3353 362 3412 -expertesz
388 3354 516 3416 agnorant.
558 3365 593 3414 13.
617 3351 715 3413 06un
739 3351 900 3401 libentius:
936 3352 994 3400 and
1016 3353 1054 3399 all
1080 3352 1118 3400 the
1144 3369 1212 3400 more

160 3433 303 3498 willingly,·
333 3449 367 3483 sc.
390 3439 415 3482 se'
444 3440 496 3482 rro‘n
525 3439 718 3482 eorrrrrraverunt.
763 3434 799 3482 16.
817 3436 851 3483 se
871 3434 1057 3483 reiecerunt:
1084 3435 1216 3483 recovered

98 3504 102 3515 ’
160 3515 305 3565 themselves.
349 3529 387 3580 17.
412 3529 496 3566 cum:
521 3518 578 3565 and
592 3525 642 3579 yet.
696 3530 733 3578 19.
753 3517 932 3577 praecipu&
951 3517 1211 3579 praesertim-in·

161 3597 314 3659 eligerent:
333 3603 455 3648 carerent.
488 3612 526 3647 20.
544 3599 737 3648 deiecerant:
755 3599 810 3646 had
822 3598 933 3647 revolted.
963 3611 1002 3648 21.
1019 3598 1211 3648 sublevavit:

161 3681 276 3731 relr'eved.
