2792 4142
629 181 738 240 DION
1162 191 1205 262 71

156 366 278 451 quide
301 365 465 430 historicis
482 367 618 431 Graecis
641 372 849 447 censeriptus
872 375 932 429 est.
981 366 1075 430 Plate
1098 377 1209 430 autem

143 488 286 578 1tantum
302 479 392 560 apud
411 478 609 561 Dionysium
626 478 821 541 aucteritete
839 478 946 560 potuit
961 479 1130 562 valuitque
1147 481 1209 543 elo-

156 590 292 673 quentie
308 600 344 653 ut
362 600 393 653 ei
411 591 612 673 persueserit
627 590 814 675 tyrannidis
831 592 943 655 facere
960 592 1064 655 finem
1081 592 1209 655 liberte-

155 712 290 785 temque
311 703 450 766 reddere
472 703 701 788 Syracusanis.
748 688 867 787 lique
888 706 1058 768 voluntate
1081 706 1210 769 Philisti

155 815 293 878 censilie
308 815 483 878 deterritus
500 816 671 899 aliquante
686 816 849 879 crddelior
865 836 939 881 esse
956 819 1074 901 coepit.
1246 835 1258 886 5

182 1143 305 1205 Jealousy
315 1143 386 1191 lende
401 1142 540 1203 Dionysius
555 1145 583 1190 to
596 1144 687 1190 hanimi
703 1143 773 1189 Dion.
804 1143 840 1190 He
852 1154 944 1218 causes
956 1143 1042 1189 Dion's
1056 1154 1102 1190 son
1111 1145 1139 1189 to
1148 1143 1179 1189 be

607 1219 758 1265 debacchari.
1192 1231 1195 1236 ’

200 1380 259 1442 IV.
293 1379 361 1461 Qui
392 1379 525 1462 quidem
553 1400 628 1442 eum
656 1386 675 1441 a
705 1379 814 1442 Diene
842 1386 877 1442 se
905 1386 1055 1460 superari
1080 1378 1208 1442 videret

154 1491 298 1572 ingenie,
328 1493 533 1567 aucteritete
563 1499 674 1554 amere
706 1492 830 1573 populi,
855 1473 973 1554 verens
1000 1499 1043 1553 ne
1073 1501 1102 1553 si
1131 1511 1205 1554 eum

155 1611 267 1666 secum
300 1604 446 1679 haberet,
476 1604 620 1686 aliquam
652 1604 860 1667 occesienem
893 1614 944 1666 sui
974 1604 1069 1666 daret
1099 1603 1208 1685 oppri-

155 1717 276 1793 mendi,
299 1723 419 1779 navem
442 1726 473 1779 ei
495 1716 662 1779 triremem
686 1715 778 1779 dedit
803 1724 868 1799 que
893 1717 1088 1781 Corinthum
1112 1718 1207 1779 deve-

155 1830 298 1904 heretur,
316 1830 497 1891 ostendens
514 1835 550 1891 se
568 1829 601 1891 id
618 1838 788 1911 utriusque
804 1830 917 1891 facere
934 1836 1044 1904 cause,
1061 1837 1104 1891 ne
1130 1849 1203 1892 cum
1231 1847 1260 1880 10

154 1941 298 2026 inter-se
319 1940 481 2016 timerent,
505 1942 662 2004 alteruter
684 1942 824 2004 alterum
848 1948 1117 2024 praeoccuparet.
1167 1942 1206 2004 ld

155 2073 231 2116 eum
252 2054 378 2116 factum
402 2054 497 2116 multi
517 2053 771 2135 indignarentur
792 2062 1000 2136 megnaeque
1022 2064 1110 2116 esset
1130 2054 1207 2116 invi-

155 2165 230 2228 diae
259 2172 411 2249 tyranne‚
438 2166 620 2247 Dionysius
653 2165 764 2229 omnia
789 2186 873 2248 quae
901 2173 1025 2229 moveri
1052 2176 1207 2247 poterant

157 2278 275 2340 Dienis
298 2279 332 2339 in
356 2284 449 2340 nevis
477 2277 633 2359 imposuit
660 2279 702 2340 ad
731 2299 873 2361 eumque
896 2279 992 2340 misit.
1042 2278 1096 2342 Sic
1118 2277 1206 2341 enim

155 2389 335 2452 existimeri
349 2390 490 2464 volebat,
504 2390 538 2452 id
555 2398 590 2453 se
607 2399 674 2453 nen
690 2391 766 2454 odio
784 2393 936 2467 hominis,
950 2391 1008 2453 sed
1026 2411 1106 2453 suae
1123 2392 1206 2453 salii-
1232 2412 1261 2464 15

155 2501 197 2565 tis
224 2502 344 2566 iecisse
371 2510 480 2566 cause.
529 2503 648 2566 Postea
676 2511 755 2566 vere
783 2524 882 2586 quam
914 2504 1038 2566 audivit
1069 2523 1145 2566 eum
1172 2506 1206 2566 in

157 2617 388 2697 Peloponneso
411 2637 546 2679 manum
571 2624 764 2698 comparere
789 2616 917 2699 sibique
944 2616 1067 2679 bellum
1094 2617 1206 2679 iacere

156 2736 277 2805 ceneri,
300 2731 438 2805 Areten,
465 2730 583 2793 Dienis
607 2737 752 2804 uxerem,
778 2730 832 2791 alii
857 2737 998 2811 nuptum
1022 2730 1122 2804 dedit,
1146 2730 1207 2792 ffli-

157 2862 278 2925 umque
300 2841 369 2904 eius
392 2853 438 2905 sic
460 2843 593 2905 educeri
612 2842 708 2905 iussit
733 2853 770 2905 ut
787 2842 993 2923 indulgendi)
1008 2843 1207 2924 turpissimis

98 2973 101 2978 ’
156 2953 358 3017 imbueretur
373 2955 618 3036 eupiditetibus
668 2956 756 3017 Nam
769 2963 847 3017 vine
864 2956 1036 3037 epulisque
1049 2955 1207 3018 obrueba-
1230 2981 1260 3016 20

155 3075 217 3142 tur,
231 3086 340 3149 neque
358 3067 459 3129 iillum
475 3077 610 3150 tempus
627 3067 736 3138 sebrie
752 3067 1009 3149 relinquebetur.
1051 3069 1086 3130 Is
1103 3075 1207 3151 risque

155 3185 199 3239 ee.
210 3187 298 3240 vitae
315 3189 437 3241 statum
454 3186 695 3242 commutatum
712 3180 799 3241 ferre
816 3187 882 3241 nen
900 3182 1015 3260 potuit,
1030 3189 1207 3274 postquam

155 3289 189 3351 in
211 3291 352 3372 patriam
369 3291 464 3368 rediit
483 3302 578 3374 pater
593 3289 753 3374 (namque
772 3292 919 3373 appositi
938 3302 1033 3354 erant
1052 3293 1207 3356 custodes

156 3412 213 3485 qui
227 3423 303 3466 eum
320 3411 340 3465 e
357 3404 496 3485 pristine
511 3412 600 3468 victu
618 3402 844 3488 deducerent),
864 3415 900 3467 ut
922 3411 957 3466 se
976 3405 1017 3467 de
1038 3407 1207 3486 superiere

157 3527 250 3596 parte
278 3514 411 3579 aedium
438 3514 592 3579 deiecerit
620 3526 719 3599 atque
746 3518 793 3580 ita
819 3516 988 3580 interierit.
1037 3517 1104 3582 Sed
1130 3519 1206 3580 illuc
1231 3545 1262 3600 ²5

156 3638 312 3691 revertor.
