2792 4142
1153 204 1600 263 MILT1ADEs
2335 217 2419 288 19

313 393 498 455 nfilla
522 398 675 472 spes
702 388 932 453 salutis
958 390 1455 470 relinqueretur.
1540 389 1622 450 In
1654 388 1780 451 hec
1813 387 1942 452 fuit
1971 397 2114 452 tum
2144 398 2424 453 numere

318 504 673 568 Miltiades,
773 504 923 577 Hic,
970 521 1120 564 cum
1169 501 1383 563 crebri
1428 501 1769 564 adferrent
1805 502 2023 564 nuntii
2062 502 2235 565 male
2282 522 2421 566 rem

313 604 547 699 gerere
590 617 884 678 Dereum
925 623 1270 695 premique
1303 621 1341 675 Ξι
1377 612 1664 697 Scythis,
1701 614 2003 677 hortetus
2049 624 2153 678 est
2199 615 2423 695 pontis

313 729 623 793 custedes
684 735 770 789 ne
831 734 870 788 ἔι
931 727 1202 788 fortene
1263 725 1489 787 datam
1551 726 1968 788 occesienem
2041 726 2422 791 liberandae

316 842 637 905 Graeciae
669 838 1094 901 dimitterent.
1177 838 1355 900 Nam
1389 846 1446 900 si
1478 858 1627 900 cum
1661 837 1739 899 iis
1765 838 1971 918 cepiis
1999 846 2163 920 ques
2195 847 2419 903 secum
2500 855 2527 909 5

313 941 797 1034 ῒῑέιηεροτῖἔιτειτ
829 951 1164 1014 interisset
1193 951 1471 1025 DereuS,
1500 957 1633 1012 nen
1660 950 1874 1012 selum
1904 951 2243 1032 Eurepam
2277 954 2421 1016 fore

314 1074 546 1140 tiitam,
576 1064 693 1128 sed
726 1065 925 1126 etiam
953 1071 1067 1126 ees
1098 1072 1212 1144 qui
1244 1061 1479 1124 Asiam
1512 1061 1880 1125 incolerent
1905 1063 2145 1127 Graeci
2173 1085 2421 1146 genere

316 1173 556 1240 liberes
587 1184 626 1239 5
662 1178 1011 1240 Perserum
1042 1175 1303 1238 futfires
1336 1173 1790 1237 dominetiene
1829 1184 1896 1237 et
1933 1178 2243 1256 pericule.
2342 1177 2422 1240 Id

316 1289 515 1353 facile
539 1289 710 1353 effici
735 1309 934 1371 posse
957 1309 972 1364 ;
1012 1297 1218 1369 ponte
1243 1289 1422 1350 enim
1448 1286 1731 1350 rescisse
1750 1294 1976 1369 regem
2001 1289 2106 1352 vel
2132 1289 2420 1353 hostium

1223 2380 1394 2418 SCYTH
1400 2381 1495 2418 IAN

315 2519 496 2583 ferre
547 2517 655 2582 vel
713 2517 936 2601 inopie
997 2530 1228 2601 paucis
1290 2519 1524 2582 diebus
1584 2518 2021 2582 interitfirum.
2118 2515 2232 2578 Ad
2292 2515 2419 2578 hec
2472 2546 2531 2582 10

314 2632 663 2694 censilium
712 2651 862 2694 cum
911 2632 1208 2715 plerique
1257 2634 1670 2706 accederent,
1709 2629 2073 2693 Hestiaeus
2121 2629 2422 2691 Milesius

314 2750 402 2806 ne
449 2751 553 2806 res
601 2744 1037 2808 cenficeretur
1082 2745 1354 2821 obstitit,
1406 2745 1634 2807 dicens
1681 2751 1821 2806 nen·
1863 2742 2039 2805 idem
2093 2741 2257 2823 ipsis
2313 2750 2428 2823 qui

317 2863 612 2919 summes
657 2856 895 2937 imperi
938 2864 1243 2920 tenerent
1289 2858 1601 2938 expedire
1655 2865 1723 2919 et
1775 2853 2198 2930 multitudini,
2248 2853 2426 2936 quod

226 3001 231 3006 ·
321 2969 528 3031 Derei
559 2976 767 3050 regne
799 2969 1095 3050 ipserum
1129 2978 1450 3033 niteretur
1482 2969 1882 3046 domineti63
1934 2975 2067 3050 que
2098 2967 2426 3029 exstincte

316 3080 499 3163 ipses
553 3089 885 3162 potestate
941 3083 1252 3163 expulses
1308 3082 1562 3145 civibus
1625 3091 1760 3144 suis
1823 3087 2075 3162 poenes
2129 3080 2417 3142 datures.
2476 3112 2532 3166 15

321 3193 559 3275 Itaque
605 3194 772 3256 adee
819 3201 890 3256 se
938 3193 1293 3257 abhorrere
1326 3201 1364 3256 Ξ
1407 3202 1774 3257 cetererum
1806 3192 2097 3256 -censilie
2145 3201 2216 3254 ut
2263 3191 2427 3254 nihil

319 3315 509 3386 putet
556 3305 720 3387 ipsis
769 3307 991 3369 titilius
1041 3327 1239 3388 quam
1288 3308 1673 3369 cenfirmeri
1718 3314 1997 3387 regnum
2056 3305 2423 3368 Persarum.

323 3417 545 3480 Hfiius
593 3438 745 3480 cum
793 3419 1192 3492 sententiam
1242 3419 1510 3500 pliirimi
1555 3428 1780 3482 essent
1822 3425 2051 3493 secuti,
2091 3416 2429 3480 Miltiades

318 3537 453 3590 nen
495 3529 806 3593 dubitens
849 3541 984 3593 tam
1025 3532 1250 3593 multis
1290 3531 1572 3594 censciis
1606 3531 1691 3593 ad
1722 3530 1898 3612 regis
1937 3539 2113 3592 auris
2152 3528 2427 3593 censilia

320 3661 442 3704 sua
475 3649 894 3722 perventura,
925 3642 1417 3707 Chersonesum
1452 3645 1714 3725 reliquit
1746 3664 1821 3706 ac
1856 3651 2081 3705 rfirsus
2115 3641 2425 3704 Athenes
2475 3667 2536 3702 20
