2792 4142
212 203 277 252 112
322 260 326 266 .
537 194 771 253 CORNELIUS
804 197 933 254 NEPOS

204 379 325 440 civium
342 385 476 440 suarum
492 377 677 441 libertatem
695 379 808 442 fratris
825 381 931 455 saliti,
949 389 982 443 et
999 386 1115 461 parare
1132 381 1265 463 legibus

204 510 304 572 quam
325 491 490 571 imperare
512 490 639 571 patriae
663 491 767 554 satius
791 493 929 555 dixerit.
978 493 1054 555 Hac
1075 505 1186 558 mente
1203 515 1264 576 per
1317 480 1322 483 ’

203 603 415 699 haruspicem
431 610 709 685 commanemque
731 605 888 680 adfinem,
907 606 959 667 cui
976 625 1069 669 soror
1092 626 1132 669 ex
1155 607 1261 669 isdem

204 714 397 797 parentibus
420 722 499 777 nata
522 722 628 796 napta
650 726 732 791 erat,
750 716 887 779 fratrem
908 726 1087 801 tyrannum
1111 719 1262 782 interfici-

166 847 180 899 5
204 828 327 890 endum
351 830 486 890 caravit.
535 829 613 909 Ipse
636 836 703 890 nan
729 829 826 892 modo
846 837 966 892 manas
982 838 1049 892 nan
1066 831 1183 907 attulit,
1202 833 1261 894 sed

203 948 246 1003 na
261 942 412 1021 aspicere
435 941 568 1022 quidem
585 941 770 1003 fraternum
796 944 994 1023 sanguinem
1010 943 1122 1006 voluit.
1171 945 1260 1007 Nam

203 1054 281 1117 dum
307 1061 359 1117 ras
384 1054 609 1130 canficeretur‚
636 1055 752 1135 procul
776 1056 810 1117 in
835 1055 1001 1136 praesidia
1023 1056 1095 1132 fuit,
1121 1058 1260 1139 nequis

203 1167 335 1230 satelles
360 1176 473 1248 posset
504 1187 705 1230 succurrere.
755 1167 831 1230 Hac
857 1168 1157 1248 praeclarissimum
1189 1169 1260 1233 aius

203 1279 330 1342 factum
346 1287 413 1342 nan
431 1289 503 1362 pari
518 1280 617 1343 moda
634 1280 811 1362 probatum
829 1290 879 1343 est
898 1279 939 1342 ab
956 1280 1118 1344 omnibus.
1170 1283 1260 1343 Nan-

152 1414 181 1449 ιο
203 1392 287 1453 nulli
308 1393 395 1455 enim
422 1393 544 1455 laesam
571 1391 613 1454 ab
638 1400 678 1455 ea
704 1394 861 1475 pietatem
888 1392 1052 1474 putabant
1075 1403 1109 1456 et
1134 1394 1259 1456 invidia

203 1504 334 1566 laudem
351 1504 481 1566 virtatis
503 1503 709 1568 obterebant.
758 1507 867 1567 Mater
883 1512 962 1567 vara
981 1515 1058 1586 post
1079 1504 1111 1567 id
1131 1506 1258 1568 factum

202 1636 311 1697 neque
334 1616 469 1678 domum
489 1616 531 1678 ad
553 1623 589 1678 se
607 1616 715 1678 filium
738 1617 870 1679 admisit
894 1638 1002 1699 neque
1024 1617 1152 1699 aspexit
1177 1628 1257 1699 quin

202 1722 278 1790 eum
315 1728 519 1791 fratricidam
565 1728 771 1811 impiumque
816 1729 986 1792 detestans
1032 1730 1255 1810 compellaret.

159 1854 161 1857 ’
203 1840 333 1922 Quibus
356 1840 455 1904 rebus
478 1841 533 1904 ille
556 1842 640 1904 adea
663 1850 715 1904 est
737 1850 922 1905 commatus
946 1852 982 1904 ut
1006 1850 1256 1924 nannumquam

152 1981 180 2032 15
202 1962 290 2015 vitae
303 1953 407 2016 finem
419 1954 531 2016 iacere
543 1953 684 2017 voluerit
698 1964 799 2036 atque
811 1974 851 2016 ex
863 1956 1067 2035 ingratarum
1084 1954 1256 2017 hominum

201 2073 383 2148 canspecta
401 2076 506 2129 morte
522 2066 692 2130 decedere.

439 2287 545 2337 various
560 2290 676 2350 military
691 2300 826 2337 successes
840 2288 866 2337 oi
878 2289 1012 2337 Timoleon.

246 2426 292 2488 II.
326 2426 463 2489 Interim
496 2426 606 2488 Diane
644 2425 819 2510 Syracasis
857 2426 1034 2488 interfecta
1073 2425 1255 2508 Dionysius

200 2546 314 2601 rarsus
332 2538 571 2623 Syraciisarum
588 2547 714 2618 potitus
733 2547 792 2600 est.
840 2537 944 2601 Caius
960 2538 1140 2600 adversarii
1155 2557 1254 2619 opem

201 2657 221 2712 a
240 2649 420 2713 Corinthiis
444 2652 610 2731 petierunt
633 2650 819 2732 ducemque
835 2658 901 2732 qua
923 2651 957 2712 in
980 2650 1068 2712 bella
1084 2658 1255 2713 [iterentur

150 2795 180 2831 20
202 2754 420 2835 postularunt.
469 2754 547 2817 Hac
564 2754 737 2817 Timoleon
755 2754 875 2816 missus
897 2751 1081 2815 incredibili
1095 2753 1254 2816 felicitate

203 2865 401 2947 Dionysium
417 2872 486 2928 tata
509 2866 619 2930 Sicilia
640 2867 777 2949 depulit.
825 2866 909 2929 Cum
930 2865 1114 2928 interficere
1130 2876 1253 2946 posset,

201 2978 307 3040 naluit
337 2985 475 3061 tataque
501 2988 537 3041 ut
568 2979 765 3043 Corinthum
798 2987 984 3059 perveniret
1016 2976 1137 3052 effecit,
1164 2978 1255 3059 quod

246 3179 268 3228 3.
291 3166 493 3228 haruspicem:
525 3169 667 3231 sootlzsayer.
680 3167 866 3217 —adfinemz
903 3167 1008 3215 relative
1047 3166 1076 3228 by
1115 3169 1255 3228 marriage.

200 3265 223 3310 4.
241 3249 382 3298 tratrem.
399 3287 423 3298 ..
439 3251 572 3300 curavit:
591 3251 645 3299 tad
654 3251 695 3299 Itis
711 3251 808 3299 brother
821 3257 910 3314 putto
926 3250 1003 3298 death.
1034 3260 1056 3312 5.
1072 3250 1179 3297 maniis
1194 3248 1256 3296 n6n

200 3332 320 3381 attulit:
340 3333 388 3380 did
396 3341 439 3381 not
449 3334 492 3396 lay
502 3333 585 3381 hands
596 3350 628 3381 on
636 3334 698 3382 lu'm.
734 3346 756 3396 7.
779 3334 810 3381 ln
821 3332 988 3394 praesidia:
1007 3332 1067 3379 witi
1079 3332 1255 3393 thegarre'son.

201 3414 224 3463 8.
243 3414 380 3464 satelles:
400 3416 798 3478 bo‹ty-guard.-auccurrere:
813 3416 947 3463 auxilium
953 3416 1034 3480 ferre.
1073 3426 1108 3461 ro.
1125 3414 1253 3463 laesam:

200 3498 539 3559 violatam—pietatem:
560 3498 670 3547 natural
679 3499 802 3563 affection.
829 3509 866 3546 11.
884 3497 1081 3546 obterebant:
1098 3496 1254 3544 minuebant.

204 3592 241 3641 13.
259 3581 419 3630 detestans
436 3580 647 3642 compellaret:
668 3580 803 3628 addressed
816 3581 878 3628 witlz
895 3596 984 3628 curres.
1027 3578 1064 3627 18.
1088 3577 1255 3640 Syraciisa-

201 3675 281 3711 mm:
312 3678 369 3725 gen.
393 3662 452 3711 with
473 3669 619 3727 potitusest.
656 3677 693 3711 20.
716 3663 801 3712 Hstc:
822 3662 860 3710 ad
873 3667 917 3710 eas.
954 3675 992 3711 22.
1010 3660 1098 3710 tuto:
1118 3662 1147 3709 in
1169 3663 1254 3726 sasety.
