2792 4142
205 140 247 206 88
530 127 763 207 coronamus
794 147 921 206 Nanos

239 329 286 376 liis
301 329 432 389 eloquente
447 330 595 389 appensio
610 330 733 388 spoecms
748 329 839 389 urging
853 330 898 376 tho
914 329 1052 376 Δτωᾱίωιο
1066 331 1094 377 to
1107 328 1158 389 Joln
1173 332 1218 377 tho

283 403 385 450 Thebon
394 404 507 458 athnoe,
517 405 566 450 and
577 404 692 464 showing
703 403 905 462 spartanorum
916 404 961 450 her
969 407 1026 451 true
1036 406 1173 452 character.

245 559 306 622 VI.
338 543 435 620 idem
474 576 549 620 cum
587 558 621 618 in
655 565 857 620 conventum
890 558 1037 620 venisset
1069 557 1252 635 Arcadum,

202 679 321 753 petens
337 678 373 733 ut
389 669 581 733 societatem
597 689 672 732 cum
689 668 860 731 Thebanis
880 678 913 732 et
935 670 1072 750 Argivis
1093 670 1253 748 facerent,

202 791 382 867 contraque
414 781 632 857 Callistratus,
659 780 918 846 Atheniensium
945 782 1084 864 legatus,
1111 792 1168 864 qui
1192 783 1256 846 elo-

201 897 337 980 quentia
374 907 482 961 omnis
512 904 553 960 eo
583 895 776 978 praestabat
812 903 972 977 tempore,
1004 896 1188 976 postularet
1218 906 1255 959 ut

151 1036 166 1090 ς
202 1011 311 1092 potius
334 1010 512 1073 amicitiam
536 1018 755 1092 sequerentur
778 1006 1254 1084 Atticorum‚etin6ra'1ti6ne

201 1131 261 1186 sua
292 1125 396 1186 multa
426 1123 575 1186 invectus
602 1132 690 1186 esset
718 1122 752 1184 in
779 1120 959 1185 Thebanos
986 1130 1020 1185 et
1046 1120 1193 1203 Argivos
1219 1121 1253 1184 in

200 1239 306 1320 iisque
327 1236 390 1299 hoc
411 1235 585 1317 posuisset,
602 1237 751 1297 animum
774 1234 947 1297 advertere
963 1232 1084 1296 debere
1100 1233 1255 1296 Arcadas

201 1350 307 1431 qualis
338 1359 477 1431 utraque
507 1349 623 1411 civitas
653 1358 734 1411 civis
762 1355 978 1429 procreasset,
1005 1367 1045 1410 ex
1069 1345 1189 1429 quibus
1212 1347 1254 1409 de

201 1469 318 1525 ceteris
344 1470 482 1542 possent
506 1459 669 1535 iudicare3
698 1461 845 1542 Argivos
866 1460 955 1523 enim
975 1458 1080 1522 fuisse
1097 1459 1252 1523 Orestem

151 1607 181 1641 ιο
201 1584 234 1637 et
265 1574 506 1637 Alcmaeonem
538 1572 736 1649 matricidis,
761 1573 886 1637 Thebis
918 1573 1087 1655 Oedipum
1126 1581 1252 1650 natum,

201 1696 258 1768 qui
288 1696 417 1768 patrem
449 1706 545 1749 suum
577 1686 818 1764 interfecisset;
851 1686 927 1750 huic
957 1687 991 1749 in
1019 1686 1254 1767 respondendo

203 1799 462 1880 Epaminondas,
487 1818 562 1861 cum
588 1784 630 1861 de
653 1806 773 1862 ceteris
795 1806 992 1881 perorasset,
1010 1808 1187 1881 postquam
1209 1799 1254 1862 ad

200 1912 257 1974 illa
275 1910 341 1977 dut
361 1910 540 1993 opprobria
564 1911 724 1994 pervenit,
742 1911 898 1974 admirari
921 1919 956 1975 se
975 1912 1056 1976 dixit
1077 1911 1251 1976 stultitiam

200 2023 342 2087 rhetoris
365 2000 480 2100 Attico
504 2032 649 2106 quinon
674 2024 945 2090 animadverterit
966 2025 1151 2090 innocentis
1178 2026 1252 2089 illos

151 2143 296 2212 15115168
317 2138 415 2212 domi,
438 2137 563 2200 scelere
585 2137 731 2200 admisso
753 2158 829 2201 cum
848 2139 956 2220 patriai
980 2149 1092 2203 essent
1113 2139 1252 2220 expulsi,

200 2257 352 2331 receptos
368 2270 442 2313 esse
464 2249 507 2312 ab
531 2249 804 2313 Atheniensibus.
852 2250 919 2315 Sed
938 2251 1080 2314 maixime
1099 2251 1169 2314 eius
1191 2253 1254 2316 elo

201 2363 337 2445 quentia
360 2362 461 2425 eluxit
481 2362 622 2444 Spartae
643 2363 745 2444 legati
762 2374 840 2427 ante
862 2371 1010 2445 pugnam
1032 2364 1250 2428 Leuctricam.

201 2476 278 2558 Quo
299 2495 374 2538 cum
402 2475 549 2539 omnium
572 2474 738 2538 sociorum
756 2477 992 2540 convenissent
1013 2477 1124 2558 legati,
1141 2485 1251 2542 coram

200 2587 470 2670 frequentissimo
485 2596 651 2651 conventri
674 2598 721 2651 sic
745 2588 1086 2652 Lacedaemoniorum
1109 2590 1254 2674 tyranni-

148 2729 179 2764 20
200 2701 276 2763 dem
299 2697 449 2780 coarguit
475 2708 510 2762 ut
537 2708 604 2762 non
633 2701 743 2762 minus
775 2700 830 2763 illa
860 2701 1008 2764 oratione
1033 2709 1114 2784 opes
1138 2709 1253 2765 eorum

199 2813 405 2875 concusserit
426 2832 525 2894 quam
550 2811 726 2875 Leuctrica
747 2820 871 2895 pugna.
923 2814 1010 2876 Tum
1032 2813 1121 2878 enim
1146 2816 1255 2896 perie-

199 2926 253 3000 cit,
271 2926 360 3007 quod
384 2933 459 3007 post
483 2924 646 3007 apparuit,
672 2935 708 2988 ut
731 2926 852 2989 auxilio
877 2926 1135 2992 Lacedaemonii
1153 2927 1254 2993 socio

198 3058 271 3100 rum
289 3044 504 3119 privarentur.

220 3266 256 3313 Ha
266 3266 363 3313 retains
374 3266 415 3312 his
425 3267 555 3312 command
569 3266 656 3326 longor
665 3267 730 3313 than
742 3268 786 3315 the
798 3268 848 3316 law
863 3268 959 3321 allona
970 3269 1068 3329 though
1080 3271 1110 3316 at
1119 3270 1164 3316 tho
1177 3270 1234 3319 tiok

276 3340 303 3387 of
314 3341 355 3387 his
367 3340 421 3397 life,
433 3341 541 3387 because
555 3342 586 3387 he
597 3341 708 3388 believes
721 3343 780 3389 that
794 3343 824 3388 he
836 3343 906 3390 alone
917 3355 963 3390 can
974 3345 1092 3393 saratha
1103 3344 1182 3392 state.

241 3479 323 3542 VII.
357 3478 475 3541 Fuisse
499 3477 680 3559 patientem
705 3486 906 3561 suorumque
929 3479 1065 3542 iniurias
1088 3480 1254 3545 ferentem

148 3617 177 3671 ²5
199 3593 328 3668 civium,
349 3591 438 3674 quod
462 3597 498 3653 se
520 3590 649 3675 patriae
668 3598 766 3655 irasci
787 3592 884 3656 nefas
906 3611 980 3658 esse
1001 3593 1147 3672 diceret,
1170 3593 1254 3658 haec
1300 3611 1302 3614 ’
1394 3580 1395 3637 Ῐ
