2792 4142
220 202 265 294 98
547 214 783 273 conuentus
814 213 944 272 Nepos

286 321 310 387 ζ,
325 332 358 373 tl

219 368 405 478 pfihdnsus
424 396 457 459 in
472 397 582 460 vincla
602 400 771 461 coniectus
791 408 850 461 est.
900 398 1000 461 Hunc
1022 399 1273 479 Epaminondas

218 511 435 591 recuperavit,
470 510 558 573 bella
592 518 797 593 persequens
831 511 1070 574 Alexandrum.
1128 512 1206 574 Post
1240 511 1273 574 id

218 622 346 685 factum
369 642 552 705 numquam
579 623 690 685 animo
718 623 842 704 placari
869 623 977 705 potuit
1004 622 1037 684 in
1064 643 1140 686 eum
1164 630 1183 685 a
1206 632 1274 706 qua

218 743 289 797 erat
314 734 466 799 violatus.
516 736 633 818 Itaque
662 735 827 817 persuasit
857 735 1027 797 Thebanis
1058 744 1094 797 ut
1125 735 1273 798 subsidio

166 862 185 915 5
218 847 412 910 Thessaliae
428 848 716 929 proficiscerentur
731 856 957 932 tyrannosque
974 850 1043 910 aius
1059 848 1271 929 expellerent.

218 959 321 1023 Cuius
336 959 505 1023 bellicum
522 970 553 1023 et
569 980 698 1022 summa
715 969 803 1023 esset
819 960 897 1023 data
913 966 1018 1041 eaque
1034 979 1109 1022 cum
1126 962 1271 1024 exercita

217 1073 391 1173 proiectus
403 1082 500 1149 esset,
518 1094 584 1137 non
601 1073 764 1136 dubitavit
785 1071 936 1135 simulac
954 1072 1125 1153 conspexit
1141 1073 1271 1135 hostem

215 1169 402 1265 coll'lligere.
452 1186 492 1248 In
508 1194 574 1269 qua
591 1186 716 1268 proelio
733 1185 960 1249 Alexandrum
978 1194 1013 1248 ut
1029 1183 1294 1295 animadvertitl,

215 1298 371 1360 incensus
382 1305 431 1360 ira
443 1319 565 1381 equum
581 1298 614 1360 in
627 1319 703 1361 eum
717 1297 894 1361 concitavit
907 1297 1088 1379 proculque
1101 1254 1284 1378 digsssiid
1391 1278 1395 1363 l

165 1430 195 1466 ιο
216 1416 235 1470 a
255 1419 323 1471 suis
342 1410 492 1474 coniecta
514 1412 654 1474 telarum
676 1411 852 1474 canfossus
874 1408 1025 1473 concidit.
1072 1409 1188 1491 Atque
1208 1410 1270 1473 hac

215 1522 361 1584 secunda
372 1522 508 1586 victaria
524 1522 661 1600 accidit;
686 1543 764 1585 nam
781 1523 846 1586 iam
863 1523 1039 1585 inclinatae
1051 1531 1146 1585 erant
1161 1531 1272 1606 tyran-

214 1642 332 1697 norum
360 1634 483 1716 copiae.
531 1635 608 1718 Quo
638 1637 730 1700 facta
756 1643 872 1700 omnes
898 1634 1093 1698 Thessaliae
1120 1634 1272 1698 civitates

214 1746 427 1810 interfectum
454 1748 647 1829 Pelopidam
671 1757 801 1812 coronis
826 1758 933 1811 aureis
957 1757 990 1811 et
1018 1755 1135 1809 statuis
1158 1752 1198 1809 aa
1218 1757 1283 1861 teiss

216 1859 401 1942 liberasque
418 1859 488 1922 aius
505 1862 609 1923 multa
625 1869 707 1941 agra
723 1861 897 1923 donarunt.

674 2103 810 2129 —000—

598 2292 899 2379 AGESlLAUS

410 2468 472 2519 How
487 2468 624 2529 Agesilaus
639 2482 710 2517 came
721 2463 752 2520 'to
766 2475 811 2520 the
826 2476 915 2522 throne
931 2474 957 2523 of
972 2476 1074 2537 sparta.

164 2621 193 2673 Ι5
261 2609 287 2671 Ι.
319 2608 500 2695 Agesilaus
529 2609 814 2676 Lacedaemonius
832 2592 917 2677 ‘cum
944 2623 963 2677 a
990 2623 1108 2679 ceteris
1135 2624 1271 2698 scripta

213 2720 304 2783 ribus
327 2710 398 2783 tdm
422 2721 538 2784 eximia
561 2729 580 2784 a
604 2723 829 2806 Xenophonte
858 2728 1028 2791 Socratica
1051 2729 1270 2792 conlaudatus

213 2841 282 2906 est;
306 2840 347 2896 ea
367 2835 454 2895 enim
479 2840 559 2897 usus
581 2844 632 2898 est
656 2836 920 2901 familiarissima.
970 2841 1036 2903 Hic
1061 2851 1203 2921 primum
1227 2840 1271 2903 da

212 2951 318 3026 regna
333 2965 408 3008 cum
427 2946 641 3031 Leatychide,
656 2949 769 3013 fratris
785 2950 864 3027 filia,
879 2952 995 3014 habuit
1011 2952 1267 3016 contentionem.

214 3059 291 3119 Mas
322 3068 392 3120 erat
430 3058 518 3121 enim
556 3060 829 3125 Lacedaemoniis
863 3070 882 3125 a
918 3064 1097 3127 maiaribus
1128 3063 1269 3128 traditus

254 3264 277 3313 6.
300 3278 430 3315 summa:
451 3267 522 3333 chief
527 3270 822 3333 command—&quet
837 3272 877 3321 ie.
889 3273 927 3320 ad
934 3273 978 3321 hac
989 3273 1086 3321 bellum.
1115 3285 1136 3335 7.
1149 3272 1270 3322 dubita-

211 3349 273 3397 vlt:
290 3349 416 3398 hesitatect
451 3364 475 3411 9.
493 3352 674 3400 concitavit:
691 3354 807 3415 spurred.
845 3367 880 3402 ιο.
900 3355 1184 3405 conlectatalarum
1197 3355 1270 3404 can·

210 3431 326 3481 fossus:
341 3434 449 3495 pierced
462 3433 518 3495 byo
534 3434 670 3500 showeros
680 3435 758 3484 darts.
796 3447 832 3483 11.
859 3438 994 3486 secunda
1014 3438 1160 3487 victoria:
1182 3438 1212 3484 in
1229 3438 1270 3485 the

212 3522 322 3563 moment
331 3516 363 3581 os
367 3516 469 3577 victory.
480 3541 511 3549 —
520 3516 696 3566 inclinatae:
712 3518 803 3566 driven
815 3518 882 3567 back.
915 3519 952 3568 16.
964 3520 1089 3569 eximie:
1104 3520 1226 3566 ntaximi.
1236 3547 1271 3556 -

212 3598 391 3648 sacratico:
411 3598 450 3646 the
461 3599 542 3661 pupil
550 3600 582 3663 ff
592 3600 710 3648 Socrates.
749 3614 784 3664 17.
803 3603 878 3651 fisus
891 3605 940 3651 est
950 3602 1196 3651 tamillaxisslma:
1215 3618 1270 3650 was

211 3695 272 3742 very
287 3681 405 3729 intimate
422 3682 491 3730 with.
528 3680 565 3731 18.
588 3682 792 3744 Leotychide:
816 3701 883 3734 nom.
897 3686 1059 3748 Lealycleide's.
