<?xml version="1.0" encoding="UTF-8"?>
<!DOCTYPE html PUBLIC "-//W3C//DTD XHTML 1.0 Transitional//EN"
    "http://www.w3.org/TR/xhtml1/DTD/xhtml1-transitional.dtd">
<html xmlns="http://www.w3.org/1999/xhtml" xml:lang="en" lang="en">
 <head>
  <title>
</title>
<meta http-equiv="Content-Type" content="text/html;charset=utf-8" />
  <meta name='ocr-system' content='tesseract 3.04.00' />
  <meta name='ocr-capabilities' content='ocr_page ocr_carea ocr_par ocr_line ocrx_word'/>
</head>
<body>
  <div class='ocr_page' id='page_1' title='image "./twentylives00barsgoog_0134.png"; bbox 0 0 2792 4142; ppageno 0'>
   <div class='ocr_carea' id='block_1_1' title="bbox 197 214 919 273">
    <p class='ocr_par' dir='ltr' id='par_1_1' title="bbox 197 214 919 273">
     <span class='ocr_line' id='line_1_1' title="bbox 197 214 919 273; baseline 0 -2"><span class='ocrx_word' id='word_1_1' title='bbox 197 223 266 272; x_wconf 92' lang='lat'>110</span> <span class='ocrx_word' id='word_1_2' title='bbox 522 214 758 273; x_wconf 90' lang='lat' dir='ltr'><strong>CORNELIUS</strong></span> <span class='ocrx_word' id='word_1_3' title='bbox 790 214 919 271; x_wconf 91' lang='lat' dir='ltr'>NEPOS</span> 
     </span>
    </p>
   </div>
   <div class='ocr_carea' id='block_1_2' title="bbox 138 396 1300 3580">
    <p class='ocr_par' dir='ltr' id='par_1_2' title="bbox 138 396 1300 3580">
     <span class='ocr_line' id='line_1_2' title="bbox 190 396 1247 481; baseline 0.002 -23"><span class='ocrx_word' id='word_1_4' title='bbox 190 403 244 459; x_wconf 93' lang='lat' dir='ltr'>res</span> <span class='ocrx_word' id='word_1_5' title='bbox 272 396 531 481; x_wconf 81' lang='lat' dir='ltr'>Polyperchonti</span> <span class='ocrx_word' id='word_1_6' title='bbox 557 398 725 473; x_wconf 81' lang='lat' dir='ltr'>favebant,</span> <span class='ocrx_word' id='word_1_7' title='bbox 753 396 929 479; x_wconf 73' lang='lat' dir='ltr'>optimotes</span> <span class='ocrx_word' id='word_1_8' title='bbox 954 416 1028 459; x_wconf 92' lang='lat' dir='ltr'>cum</span> <span class='ocrx_word' id='word_1_9' title='bbox 1056 396 1247 460; x_wconf 87' lang='lat' dir='ltr'>Cassandro</span> 
     </span>
     <span class='ocr_line' id='line_1_3' title="bbox 190 507 1247 594; baseline 0 -22"><span class='ocrx_word' id='word_1_10' title='bbox 190 507 387 572; x_wconf 89' lang='lat' dir='ltr'>sentiebant.</span> <span class='ocrx_word' id='word_1_11' title='bbox 433 509 571 573; x_wconf 87' lang='lat' dir='ltr'><strong>Interim</strong></span> <span class='ocrx_word' id='word_1_12' title='bbox 588 517 607 572; x_wconf 79' lang='lat' dir='ltr'>ai</span> <span class='ocrx_word' id='word_1_13' title='bbox 625 510 891 594; x_wconf 85' lang='lat' dir='ltr'>Polyperchonte</span> <span class='ocrx_word' id='word_1_14' title='bbox 909 509 1118 573; x_wconf 87' lang='lat' dir='ltr'>Cassandrus</span> <span class='ocrx_word' id='word_1_15' title='bbox 1136 510 1247 572; x_wconf 89' lang='lat' dir='ltr'>Mace-</span> 
     </span>
     <span class='ocr_line' id='line_1_4' title="bbox 190 621 1247 706; baseline 0 -22"><span class='ocrx_word' id='word_1_16' title='bbox 190 621 289 684; x_wconf 75' lang='lat' dir='ltr'>donio</span> <span class='ocrx_word' id='word_1_17' title='bbox 316 622 432 704; x_wconf 91' lang='lat' dir='ltr'>pulsus</span> <span class='ocrx_word' id='word_1_18' title='bbox 459 631 518 685; x_wconf 88' lang='lat' dir='ltr'>est.</span> <span class='ocrx_word' id='word_1_19' title='bbox 567 623 643 706; x_wconf 88' lang='lat' dir='ltr'>Quo</span> <span class='ocrx_word' id='word_1_20' title='bbox 670 623 762 686; x_wconf 81' lang='lat' dir='ltr'>facto</span> <span class='ocrx_word' id='word_1_21' title='bbox 788 622 932 705; x_wconf 92' lang='lat' dir='ltr'>populus</span> <span class='ocrx_word' id='word_1_22' title='bbox 959 621 1109 702; x_wconf 84' lang='lat' dir='ltr'>superior</span> <span class='ocrx_word' id='word_1_23' title='bbox 1136 622 1247 685; x_wconf 80' lang='lat' dir='ltr'>factus</span> 
     </span>
     <span class='ocr_line' id='line_1_5' title="bbox 191 733 1246 815; baseline 0.001 -19"><span class='ocrx_word' id='word_1_24' title='bbox 191 734 302 797; x_wconf 87' lang='lat' dir='ltr'>statim</span> <span class='ocrx_word' id='word_1_25' title='bbox 340 734 442 798; x_wconf 91' lang='lat' dir='ltr'>duces</span> <span class='ocrx_word' id='word_1_26' title='bbox 480 735 688 799; x_wconf 78' lang='lat' dir='ltr'>adversoriae</span> <span class='ocrx_word' id='word_1_27' title='bbox 723 735 879 798; x_wconf 84' lang='lat' dir='ltr'>factionis</span> <span class='ocrx_word' id='word_1_28' title='bbox 913 733 1032 815; x_wconf 91' lang='lat' dir='ltr'>capitis</span> <span class='ocrx_word' id='word_1_29' title='bbox 1069 735 1246 797; x_wconf 74' lang='lat' dir='ltr'>damnotos</span> 
     </span>
     <span class='ocr_line' id='line_1_6' title="bbox 153 845 1247 929; baseline -0.002 -19"><span class='ocrx_word' id='word_1_30' title='bbox 153 863 167 917; x_wconf 84' lang='lat'><strong>5</strong></span> <span class='ocrx_word' id='word_1_31' title='bbox 192 848 298 929; x_wconf 79' lang='lat' dir='ltr'>patrie</span> <span class='ocrx_word' id='word_1_32' title='bbox 317 847 472 929; x_wconf 89' lang='lat' dir='ltr'>propulit,</span> <span class='ocrx_word' id='word_1_33' title='bbox 493 847 526 910; x_wconf 93' lang='lat' dir='ltr'>in</span> <span class='ocrx_word' id='word_1_34' title='bbox 552 849 590 910; x_wconf 91' lang='lat' dir='ltr'>iis</span> <span class='ocrx_word' id='word_1_35' title='bbox 617 848 817 911; x_wconf 90' lang='lat' dir='ltr'>Phocionem</span> <span class='ocrx_word' id='word_1_36' title='bbox 841 856 876 910; x_wconf 93' lang='lat' dir='ltr'>et</span> <span class='ocrx_word' id='word_1_37' title='bbox 900 845 1106 908; x_wconf 88' lang='lat' dir='ltr'>Demetrium</span> <span class='ocrx_word' id='word_1_38' title='bbox 1133 847 1247 909; x_wconf 91' lang='lat' dir='ltr'>Phale-</span> 
     </span>
     <span class='ocr_line' id='line_1_7' title="bbox 190 959 1300 1043; baseline 0 -22"><span class='ocrx_word' id='word_1_39' title='bbox 190 979 292 1036; x_wconf 84' lang='lat' dir='ltr'>reum,</span> <span class='ocrx_word' id='word_1_40' title='bbox 310 960 418 1043; x_wconf 91' lang='lat' dir='ltr'>deque</span> <span class='ocrx_word' id='word_1_41' title='bbox 435 966 474 1022; x_wconf 77' lang='lat' dir='ltr'>ee</span> <span class='ocrx_word' id='word_1_42' title='bbox 491 966 526 1022; x_wconf 94' lang='lat' dir='ltr'>re</span> <span class='ocrx_word' id='word_1_43' title='bbox 545 961 673 1040; x_wconf 73' lang='lat' dir='ltr'>legitos</span> <span class='ocrx_word' id='word_1_44' title='bbox 693 960 736 1022; x_wconf 89' lang='lat' dir='ltr'>ad</span> <span class='ocrx_word' id='word_1_45' title='bbox 757 959 1057 1043; x_wconf 84' lang='lat' dir='ltr'>Polyperchontem</span> <span class='ocrx_word' id='word_1_46' title='bbox 1080 961 1170 1021; x_wconf 80' lang='lat' dir='ltr'>misit</span> <span class='ocrx_word' id='word_1_47' title='bbox 1189 969 1247 1041; x_wconf 92' lang='lat' dir='ltr'>qui</span> <span class='ocrx_word' id='word_1_48' title='bbox 1297 986 1300 992; x_wconf 42' lang='lat'><em>¹</em></span> 
     </span>
     <span class='ocr_line' id='line_1_8' title="bbox 190 1072 1244 1153; baseline 0 -19"><span class='ocrx_word' id='word_1_49' title='bbox 190 1072 232 1134; x_wconf 92' lang='lat' dir='ltr'>ab</span> <span class='ocrx_word' id='word_1_50' title='bbox 249 1080 289 1135; x_wconf 89' lang='lat' dir='ltr'>eo</span> <span class='ocrx_word' id='word_1_51' title='bbox 305 1082 459 1153; x_wconf 88' lang='lat' dir='ltr'>peterent</span> <span class='ocrx_word' id='word_1_52' title='bbox 474 1082 511 1133; x_wconf 92' lang='lat' dir='ltr'>ut</span> <span class='ocrx_word' id='word_1_53' title='bbox 526 1093 586 1135; x_wconf 93' lang='lat' dir='ltr'>sua</span> <span class='ocrx_word' id='word_1_54' title='bbox 607 1072 741 1134; x_wconf 90' lang='lat' dir='ltr'>decreta</span> <span class='ocrx_word' id='word_1_55' title='bbox 762 1072 985 1134; x_wconf 76' lang='lat' dir='ltr'>confirmoret.</span> <span class='ocrx_word' id='word_1_56' title='bbox 1027 1072 1105 1134; x_wconf 84' lang='lat' dir='ltr'>Hoc</span> <span class='ocrx_word' id='word_1_57' title='bbox 1126 1072 1244 1135; x_wconf 92' lang='lat' dir='ltr'>eodem</span> 
     </span>
     <span class='ocr_line' id='line_1_9' title="bbox 190 1184 1245 1266; baseline 0 -20"><span class='ocrx_word' id='word_1_58' title='bbox 190 1184 361 1266; x_wconf 84' lang='lat' dir='ltr'>profectus</span> <span class='ocrx_word' id='word_1_59' title='bbox 392 1194 443 1248; x_wconf 92' lang='lat' dir='ltr'>est</span> <span class='ocrx_word' id='word_1_60' title='bbox 480 1184 635 1248; x_wconf 79' lang='lat' dir='ltr'>Phocion.</span> <span class='ocrx_word' id='word_1_61' title='bbox 684 1184 761 1265; x_wconf 85' lang='lat' dir='ltr'>Quo</span> <span class='ocrx_word' id='word_1_62' title='bbox 791 1192 827 1246; x_wconf 93' lang='lat' dir='ltr'>ut</span> <span class='ocrx_word' id='word_1_63' title='bbox 858 1184 957 1258; x_wconf 86' lang='lat' dir='ltr'>venit,</span> <span class='ocrx_word' id='word_1_64' title='bbox 989 1202 1124 1246; x_wconf 91' lang='lat' dir='ltr'>causam</span> <span class='ocrx_word' id='word_1_65' title='bbox 1155 1184 1245 1266; x_wconf 93' lang='lat' dir='ltr'>apud</span> 
     </span>
     <span class='ocr_line' id='line_1_10' title="bbox 192 1295 1246 1380; baseline -0.001 -21"><span class='ocrx_word' id='word_1_66' title='bbox 192 1296 382 1378; x_wconf 88' lang='lat' dir='ltr'>Philippum</span> <span class='ocrx_word' id='word_1_67' title='bbox 407 1304 521 1379; x_wconf 86' lang='lat' dir='ltr'>regem</span> <span class='ocrx_word' id='word_1_68' title='bbox 537 1296 647 1372; x_wconf 91' lang='lat' dir='ltr'>verbo,</span> <span class='ocrx_word' id='word_1_69' title='bbox 668 1303 704 1359; x_wconf 92' lang='lat' dir='ltr'>re</span> <span class='ocrx_word' id='word_1_70' title='bbox 729 1295 802 1377; x_wconf 79' lang='lat' dir='ltr'>ipso</span> <span class='ocrx_word' id='word_1_71' title='bbox 823 1295 957 1378; x_wconf 90' lang='lat' dir='ltr'>quidem</span> <span class='ocrx_word' id='word_1_72' title='bbox 983 1296 1072 1377; x_wconf 91' lang='lat' dir='ltr'>apud</span> <span class='ocrx_word' id='word_1_73' title='bbox 1093 1295 1246 1380; x_wconf 89' lang='lat' dir='ltr'>Polyper-</span> 
     </span>
     <span class='ocr_line' id='line_1_11' title="bbox 139 1408 1245 1491; baseline 0.005 -25"><span class='ocrx_word' id='word_1_74' title='bbox 139 1431 169 1467; x_wconf 77' lang='grc' dir='ltr'>ιο</span> <span class='ocrx_word' id='word_1_75' title='bbox 191 1410 347 1472; x_wconf 89' lang='lat' dir='ltr'>chontem</span> <span class='ocrx_word' id='word_1_76' title='bbox 362 1411 472 1473; x_wconf 82' lang='lat' dir='ltr'>iossus</span> <span class='ocrx_word' id='word_1_77' title='bbox 489 1419 540 1473; x_wconf 90' lang='lat' dir='ltr'>est</span> <span class='ocrx_word' id='word_1_78' title='bbox 556 1410 673 1472; x_wconf 78' lang='lat' dir='ltr'>dicere.</span> <span class='ocrx_word' id='word_1_79' title='bbox 718 1409 873 1491; x_wconf 87' lang='lat' dir='ltr'>Namque</span> <span class='ocrx_word' id='word_1_80' title='bbox 892 1410 920 1471; x_wconf 92' lang='lat' dir='ltr'>is</span> <span class='ocrx_word' id='word_1_81' title='bbox 941 1417 1011 1471; x_wconf 93' lang='lat' dir='ltr'>tum</span> <span class='ocrx_word' id='word_1_82' title='bbox 1032 1409 1120 1489; x_wconf 87' lang='lat' dir='ltr'>regis</span> <span class='ocrx_word' id='word_1_83' title='bbox 1146 1408 1245 1471; x_wconf 94' lang='lat' dir='ltr'>rebus</span> 
     </span>
     <span class='ocr_line' id='line_1_12' title="bbox 191 1521 1244 1604; baseline -0.001 -21"><span class='ocrx_word' id='word_1_84' title='bbox 191 1531 352 1603; x_wconf 88' lang='lat' dir='ltr'>praeerat.</span> <span class='ocrx_word' id='word_1_85' title='bbox 412 1523 478 1585; x_wconf 90' lang='lat' dir='ltr'>Hic</span> <span class='ocrx_word' id='word_1_86' title='bbox 504 1523 547 1585; x_wconf 92' lang='lat' dir='ltr'>ab</span> <span class='ocrx_word' id='word_1_87' title='bbox 577 1521 724 1604; x_wconf 86' lang='lat' dir='ltr'>Agnone</span> <span class='ocrx_word' id='word_1_88' title='bbox 755 1528 931 1585; x_wconf 79' lang='lat' dir='ltr'>accosotus</span> <span class='ocrx_word' id='word_1_89' title='bbox 962 1521 1051 1603; x_wconf 92' lang='lat' dir='ltr'>quod</span> <span class='ocrx_word' id='word_1_90' title='bbox 1092 1521 1244 1583; x_wconf 77' lang='lat' dir='ltr'>Piraeum</span> 
     </span>
     <span class='ocr_line' id='line_1_13' title="bbox 192 1622 1244 1716; baseline -0.002 -20"><span class='ocrx_word' id='word_1_91' title='bbox 192 1622 351 1697; x_wconf 77' lang='lat' dir='ltr'>Niconori</span> <span class='ocrx_word' id='word_1_92' title='bbox 374 1635 581 1716; x_wconf 75' lang='lat' dir='ltr'>prodidisset,</span> <span class='ocrx_word' id='word_1_93' title='bbox 606 1655 647 1698; x_wconf 86' lang='lat' dir='ltr'>ex</span> <span class='ocrx_word' id='word_1_94' title='bbox 671 1636 789 1698; x_wconf 88' lang='lat' dir='ltr'>consili</span> <span class='ocrx_word' id='word_1_95' title='bbox 813 1634 977 1698; x_wconf 74' lang='lat' dir='ltr'>sententio</span> <span class='ocrx_word' id='word_1_96' title='bbox 1001 1633 1034 1695; x_wconf 92' lang='lat' dir='ltr'>in</span> <span class='ocrx_word' id='word_1_97' title='bbox 1060 1632 1244 1696; x_wconf 88' lang='lat' dir='ltr'>custodiam</span> 
     </span>
     <span class='ocr_line' id='line_1_14' title="bbox 189 1744 1245 1827; baseline -0.001 -18"><span class='ocrx_word' id='word_1_98' title='bbox 189 1746 359 1810; x_wconf 89' lang='lat' dir='ltr'>coniectus</span> <span class='ocrx_word' id='word_1_99' title='bbox 376 1747 531 1810; x_wconf 73' lang='lat' dir='ltr'>Athenis</span> <span class='ocrx_word' id='word_1_100' title='bbox 544 1748 706 1810; x_wconf 91' lang='lat' dir='ltr'>deductus</span> <span class='ocrx_word' id='word_1_101' title='bbox 719 1757 778 1823; x_wconf 91' lang='lat' dir='ltr'>est,</span> <span class='ocrx_word' id='word_1_102' title='bbox 791 1756 827 1810; x_wconf 94' lang='lat' dir='ltr'>ut</span> <span class='ocrx_word' id='word_1_103' title='bbox 840 1746 885 1809; x_wconf 94' lang='lat' dir='ltr'>ibi</span> <span class='ocrx_word' id='word_1_104' title='bbox 896 1747 939 1810; x_wconf 94' lang='lat' dir='ltr'>de</span> <span class='ocrx_word' id='word_1_105' title='bbox 950 1753 991 1810; x_wconf 92' lang='lat' dir='ltr'>eo</span> <span class='ocrx_word' id='word_1_106' title='bbox 1006 1744 1136 1827; x_wconf 85' lang='lat' dir='ltr'>legibus</span> <span class='ocrx_word' id='word_1_107' title='bbox 1152 1746 1245 1809; x_wconf 87' lang='lat' dir='ltr'>fieret</span> 
     </span>
     <span class='ocr_line' id='line_1_15' title="bbox 190 1858 357 1922; baseline 0 -1"><span class='ocrx_word' id='word_1_108' title='bbox 190 1858 357 1922; x_wconf 84' lang='lat' dir='ltr'>iodicium.</span> 
     </span>
     <span class='ocr_line' id='line_1_16' title="bbox 489 1976 944 2025; baseline -0.004 -1"><span class='ocrx_word' id='word_1_109' title='bbox 489 1977 542 2024; x_wconf 78' lang='lat' dir='ltr'>The</span> <span class='ocrx_word' id='word_1_110' title='bbox 557 1978 617 2025; x_wconf 80' lang='lat' dir='ltr'>trial</span> <span class='ocrx_word' id='word_1_111' title='bbox 632 1979 681 2024; x_wconf 78' lang='lat' dir='ltr'>aud</span> <span class='ocrx_word' id='word_1_112' title='bbox 696 1978 774 2024; x_wconf 79' lang='lat' dir='ltr'>death</span> <span class='ocrx_word' id='word_1_113' title='bbox 788 1976 815 2024; x_wconf 81' lang='lat' dir='ltr'>oi</span> <span class='ocrx_word' id='word_1_114' title='bbox 829 1976 944 2024; x_wconf 85' lang='lat' dir='ltr'>Phocion.</span> 
     </span>
     <span class='ocr_line' id='line_1_17' title="bbox 139 2088 1245 2170; baseline 0.002 -21"><span class='ocrx_word' id='word_1_115' title='bbox 139 2112 169 2166; x_wconf 80' lang='lat'>¹5</span> <span class='ocrx_word' id='word_1_116' title='bbox 237 2088 295 2151; x_wconf 92' lang='lat' dir='ltr'>IV.</span> <span class='ocrx_word' id='word_1_117' title='bbox 329 2089 407 2151; x_wconf 83' lang='lat' dir='ltr'>Hoc</span> <span class='ocrx_word' id='word_1_118' title='bbox 428 2098 464 2151; x_wconf 92' lang='lat' dir='ltr'>ut</span> <span class='ocrx_word' id='word_1_119' title='bbox 483 2098 678 2170; x_wconf 90' lang='lat' dir='ltr'>perventum</span> <span class='ocrx_word' id='word_1_120' title='bbox 697 2099 758 2164; x_wconf 88' lang='lat' dir='ltr'>est,</span> <span class='ocrx_word' id='word_1_121' title='bbox 775 2108 851 2151; x_wconf 91' lang='lat' dir='ltr'>curn</span> <span class='ocrx_word' id='word_1_122' title='bbox 871 2097 1009 2170; x_wconf 89' lang='lat' dir='ltr'>propter</span> <span class='ocrx_word' id='word_1_123' title='bbox 1027 2094 1170 2152; x_wconf 76' lang='lat' dir='ltr'>aetotem</span> <span class='ocrx_word' id='word_1_124' title='bbox 1190 2108 1245 2170; x_wconf 92' lang='lat' dir='ltr'>pe-</span> 
     </span>
     <span class='ocr_line' id='line_1_18' title="bbox 190 2200 1245 2285; baseline 0 -22"><span class='ocrx_word' id='word_1_125' title='bbox 190 2200 288 2263; x_wconf 88' lang='lat' dir='ltr'>dibus</span> <span class='ocrx_word' id='word_1_126' title='bbox 318 2200 381 2262; x_wconf 86' lang='lat' dir='ltr'>iam</span> <span class='ocrx_word' id='word_1_127' title='bbox 410 2209 478 2263; x_wconf 94' lang='lat' dir='ltr'>non</span> <span class='ocrx_word' id='word_1_128' title='bbox 505 2201 630 2264; x_wconf 85' lang='lat' dir='ltr'>valeret</span> <span class='ocrx_word' id='word_1_129' title='bbox 655 2201 875 2284; x_wconf 91' lang='lat' dir='ltr'>vehiculoque</span> <span class='ocrx_word' id='word_1_130' title='bbox 906 2208 1102 2285; x_wconf 76' lang='lat' dir='ltr'>portoretur,</span> <span class='ocrx_word' id='word_1_131' title='bbox 1130 2208 1245 2283; x_wconf 78' lang='lat' dir='ltr'>maigni</span> 
     </span>
     <span class='ocr_line' id='line_1_19' title="bbox 190 2313 1244 2388; baseline 0.001 -12"><span class='ocrx_word' id='word_1_132' title='bbox 190 2321 372 2377; x_wconf 77' lang='lat' dir='ltr'>concurses</span> <span class='ocrx_word' id='word_1_133' title='bbox 406 2323 485 2376; x_wconf 90' lang='lat' dir='ltr'>sunt</span> <span class='ocrx_word' id='word_1_134' title='bbox 518 2314 607 2388; x_wconf 82' lang='lat' dir='ltr'>facti,</span> <span class='ocrx_word' id='word_1_135' title='bbox 643 2334 719 2376; x_wconf 91' lang='lat' dir='ltr'>cum</span> <span class='ocrx_word' id='word_1_136' title='bbox 754 2313 809 2376; x_wconf 94' lang='lat' dir='ltr'>alii</span> <span class='ocrx_word' id='word_1_137' title='bbox 842 2315 1093 2377; x_wconf 76' lang='lat' dir='ltr'>reminiscentes</span> <span class='ocrx_word' id='word_1_138' title='bbox 1123 2315 1244 2377; x_wconf 91' lang='lat' dir='ltr'>veteris</span> 
     </span>
     <span class='ocr_line' id='line_1_20' title="bbox 190 2426 1245 2507; baseline 0.002 -19"><span class='ocrx_word' id='word_1_139' title='bbox 190 2426 301 2489; x_wconf 76' lang='lat' dir='ltr'>fornae</span> <span class='ocrx_word' id='word_1_140' title='bbox 332 2426 449 2489; x_wconf 79' lang='lat' dir='ltr'>aetotis</span> <span class='ocrx_word' id='word_1_141' title='bbox 484 2427 727 2500; x_wconf 77' lang='lat' dir='ltr'>misererentur,</span> <span class='ocrx_word' id='word_1_142' title='bbox 761 2426 893 2507; x_wconf 84' lang='lat' dir='ltr'>plorimi</span> <span class='ocrx_word' id='word_1_143' title='bbox 922 2434 1001 2490; x_wconf 94' lang='lat' dir='ltr'>vero</span> <span class='ocrx_word' id='word_1_144' title='bbox 1031 2433 1079 2489; x_wconf 77' lang='lat' dir='ltr'>iro</span> <span class='ocrx_word' id='word_1_145' title='bbox 1110 2446 1245 2490; x_wconf 88' lang='lat' dir='ltr'>exacue·</span> 
     </span>
     <span class='ocr_line' id='line_1_21' title="bbox 190 2538 1245 2621; baseline 0.002 -22"><span class='ocrx_word' id='word_1_146' title='bbox 190 2548 303 2601; x_wconf 91' lang='lat' dir='ltr'>rentur</span> <span class='ocrx_word' id='word_1_147' title='bbox 338 2547 474 2621; x_wconf 88' lang='lat' dir='ltr'>propter</span> <span class='ocrx_word' id='word_1_148' title='bbox 509 2540 704 2620; x_wconf 90' lang='lat' dir='ltr'>proditionis</span> <span class='ocrx_word' id='word_1_149' title='bbox 736 2541 959 2621; x_wconf 88' lang='lat' dir='ltr'>suspicionem</span> <span class='ocrx_word' id='word_1_150' title='bbox 995 2541 1110 2615; x_wconf 84' lang='lat' dir='ltr'>Piraei,</span> <span class='ocrx_word' id='word_1_151' title='bbox 1145 2538 1245 2601; x_wconf 76' lang='lat' dir='ltr'>maixi-</span> 
     </span>
     <span class='ocr_line' id='line_1_22' title="bbox 138 2650 1243 2734; baseline -0.002 -17"><span class='ocrx_word' id='word_1_152' title='bbox 138 2681 169 2717; x_wconf 90' lang='lat'>20</span> <span class='ocrx_word' id='word_1_153' title='bbox 191 2657 310 2732; x_wconf 92' lang='lat' dir='ltr'>meque</span> <span class='ocrx_word' id='word_1_154' title='bbox 340 2650 430 2731; x_wconf 93' lang='lat' dir='ltr'>quod</span> <span class='ocrx_word' id='word_1_155' title='bbox 461 2651 620 2714; x_wconf 89' lang='lat' dir='ltr'>adversus</span> <span class='ocrx_word' id='word_1_156' title='bbox 652 2653 769 2734; x_wconf 89' lang='lat' dir='ltr'>populi</span> <span class='ocrx_word' id='word_1_157' title='bbox 803 2653 977 2716; x_wconf 92' lang='lat' dir='ltr'>commoda</span> <span class='ocrx_word' id='word_1_158' title='bbox 1007 2654 1041 2715; x_wconf 93' lang='lat' dir='ltr'>in</span> <span class='ocrx_word' id='word_1_159' title='bbox 1073 2659 1243 2716; x_wconf 82' lang='lat' dir='ltr'>senectote</span> 
     </span>
     <span class='ocr_line' id='line_1_23' title="bbox 189 2762 1244 2848; baseline 0.001 -22"><span class='ocrx_word' id='word_1_160' title='bbox 189 2771 335 2841; x_wconf 77' lang='lat' dir='ltr'>steterat.</span> <span class='ocrx_word' id='word_1_161' title='bbox 354 2809 356 2812; x_wconf 85' lang='lat'>-</span> <span class='ocrx_word' id='word_1_162' title='bbox 383 2762 458 2845; x_wconf 76' lang='lat' dir='ltr'>Quo</span> <span class='ocrx_word' id='word_1_163' title='bbox 481 2771 517 2826; x_wconf 89' lang='lat' dir='ltr'>re</span> <span class='ocrx_word' id='word_1_164' title='bbox 540 2771 582 2825; x_wconf 92' lang='lat' dir='ltr'>ne</span> <span class='ocrx_word' id='word_1_165' title='bbox 606 2766 783 2845; x_wconf 92' lang='lat' dir='ltr'>perorandi</span> <span class='ocrx_word' id='word_1_166' title='bbox 809 2765 942 2848; x_wconf 91' lang='lat' dir='ltr'>quidem</span> <span class='ocrx_word' id='word_1_167' title='bbox 966 2775 997 2828; x_wconf 92' lang='lat' dir='ltr'>ei</span> <span class='ocrx_word' id='word_1_168' title='bbox 1019 2765 1098 2828; x_wconf 88' lang='lat' dir='ltr'>data</span> <span class='ocrx_word' id='word_1_169' title='bbox 1120 2774 1171 2828; x_wconf 89' lang='lat' dir='ltr'>est</span> <span class='ocrx_word' id='word_1_170' title='bbox 1196 2766 1244 2827; x_wconf 81' lang='lat' dir='ltr'>fa·</span> 
     </span>
     <span class='ocr_line' id='line_1_24' title="bbox 189 2875 1243 2960; baseline 0 -22"><span class='ocrx_word' id='word_1_171' title='bbox 189 2875 295 2938; x_wconf 78' lang='lat' dir='ltr'>cultas</span> <span class='ocrx_word' id='word_1_172' title='bbox 322 2875 445 2938; x_wconf 92' lang='lat' dir='ltr'>dicenti</span> <span class='ocrx_word' id='word_1_173' title='bbox 470 2894 604 2937; x_wconf 92' lang='lat' dir='ltr'>causam</span> <span class='ocrx_word' id='word_1_174' title='bbox 631 2878 665 2938; x_wconf 94' lang='lat' dir='ltr'>in</span> <span class='ocrx_word' id='word_1_175' title='bbox 691 2877 830 2953; x_wconf 84' lang='lat' dir='ltr'>iodicio;</span> <span class='ocrx_word' id='word_1_176' title='bbox 863 2877 1018 2957; x_wconf 77' lang='lat' dir='ltr'>legitimis</span> <span class='ocrx_word' id='word_1_177' title='bbox 1045 2876 1243 2960; x_wconf 90' lang='lat' dir='ltr'>quibusdam</span> 
     </span>
     <span class='ocr_line' id='line_1_25' title="bbox 188 2987 1242 3072; baseline 0.001 -22"><span class='ocrx_word' id='word_1_178' title='bbox 188 2987 352 3050; x_wconf 83' lang='lat' dir='ltr'>confectis</span> <span class='ocrx_word' id='word_1_179' title='bbox 371 2988 547 3049; x_wconf 72' lang='lat' dir='ltr'>damnetus</span> <span class='ocrx_word' id='word_1_180' title='bbox 566 2988 707 3050; x_wconf 78' lang='lat' dir='ltr'>troditus</span> <span class='ocrx_word' id='word_1_181' title='bbox 726 2998 777 3052; x_wconf 92' lang='lat' dir='ltr'>est</span> <span class='ocrx_word' id='word_1_182' title='bbox 798 2988 1041 3064; x_wconf 84' lang='lat' dir='ltr'>ondecimviris,</span> <span class='ocrx_word' id='word_1_183' title='bbox 1061 2988 1181 3072; x_wconf 92' lang='lat' dir='ltr'>quibus</span> <span class='ocrx_word' id='word_1_184' title='bbox 1200 2989 1242 3051; x_wconf 90' lang='lat' dir='ltr'>ad</span> 
     </span>
     <span class='ocr_line' id='line_1_26' title="bbox 189 3099 1243 3183; baseline 0.003 -22"><span class='ocrx_word' id='word_1_185' title='bbox 189 3099 388 3180; x_wconf 91' lang='lat' dir='ltr'>supplicium</span> <span class='ocrx_word' id='word_1_186' title='bbox 416 3106 508 3161; x_wconf 90' lang='lat' dir='ltr'>more</span> <span class='ocrx_word' id='word_1_187' title='bbox 535 3099 792 3163; x_wconf 91' lang='lat' dir='ltr'>Atheniensium</span> <span class='ocrx_word' id='word_1_188' title='bbox 821 3101 953 3183; x_wconf 81' lang='lat' dir='ltr'>publice</span> <span class='ocrx_word' id='word_1_189' title='bbox 979 3102 1128 3164; x_wconf 77' lang='lat' dir='ltr'>damnoti</span> <span class='ocrx_word' id='word_1_190' title='bbox 1157 3101 1243 3164; x_wconf 77' lang='lat' dir='ltr'>trodi</span> 
     </span>
     <span class='ocr_line' id='line_1_27' title="bbox 202 3252 1243 3329; baseline 0.004 -15"><span class='ocrx_word' id='word_1_191' title='bbox 202 3303 204 3307; x_wconf 87' lang='lat'>.</span> <span class='ocrx_word' id='word_1_192' title='bbox 230 3277 252 3328; x_wconf 89' lang='lat'>7.</span> <span class='ocrx_word' id='word_1_193' title='bbox 276 3265 418 3315; x_wconf 67' lang='lat' dir='ltr'>demota:</span> <span class='ocrx_word' id='word_1_194' title='bbox 437 3252 658 3316; x_wconf 63' lang='lat' dir='ltr'>danae-fluo</span> <span class='ocrx_word' id='word_1_195' title='bbox 668 3266 846 3316; x_wconf 67' lang='lat' dir='ltr'>ebriemur!</span> <span class='ocrx_word' id='word_1_196' title='bbox 853 3268 923 3317; x_wconf 89' lang='lat' dir='ltr'>hunc</span> <span class='ocrx_word' id='word_1_197' title='bbox 931 3269 1036 3317; x_wconf 82' lang='lat' dir='ltr'>eundem</span> <span class='ocrx_word' id='word_1_198' title='bbox 1047 3268 1133 3317; x_wconf 85' lang='lat' dir='ltr'>locum.</span> <span class='ocrx_word' id='word_1_199' title='bbox 1162 3280 1185 3329; x_wconf 92' lang='lat'>9.</span> <span class='ocrx_word' id='word_1_200' title='bbox 1208 3269 1243 3318; x_wconf 71' lang='lat'>16</span> 
     </span>
     <span class='ocr_line' id='line_1_28' title="bbox 181 3346 1244 3410; baseline 0.004 -14"><span class='ocrx_word' id='word_1_201' title='bbox 181 3346 270 3408; x_wconf 67' lang='lat' dir='ltr'>&#39;ipset</span> <span class='ocrx_word' id='word_1_202' title='bbox 289 3350 319 3397; x_wconf 86' lang='lat' dir='ltr'>in</span> <span class='ocrx_word' id='word_1_203' title='bbox 331 3349 434 3410; x_wconf 64' lang='lat' dir='ltr'>realitju</span> <span class='ocrx_word' id='word_1_204' title='bbox 453 3348 598 3396; x_wconf 87' lang='lat' dir='ltr'>contrasted</span> <span class='ocrx_word' id='word_1_205' title='bbox 610 3348 669 3396; x_wconf 89' lang='lat' dir='ltr'>with</span> <span class='ocrx_word' id='word_1_206' title='bbox 682 3350 762 3399; x_wconf 82' lang='lat' dir='ltr'>verbo.</span> <span class='ocrx_word' id='word_1_207' title='bbox 784 3362 821 3399; x_wconf 83' lang='lat'>12.</span> <span class='ocrx_word' id='word_1_208' title='bbox 834 3351 959 3400; x_wconf 70' lang='lat' dir='ltr'>consili:</span> <span class='ocrx_word' id='word_1_209' title='bbox 979 3351 1084 3400; x_wconf 84' lang='lat' dir='ltr'>council.</span> <span class='ocrx_word' id='word_1_210' title='bbox 1121 3350 1158 3399; x_wconf 87' lang='lat'>16.</span> <span class='ocrx_word' id='word_1_211' title='bbox 1180 3350 1244 3400; x_wconf 74' lang='lat' dir='ltr'>non</span> 
     </span>
     <span class='ocr_line' id='line_1_29' title="bbox 186 3431 1243 3499; baseline 0.003 -20"><span class='ocrx_word' id='word_1_212' title='bbox 186 3431 320 3481; x_wconf 71' lang='lat' dir='ltr'>valeret:</span> <span class='ocrx_word' id='word_1_213' title='bbox 338 3432 394 3479; x_wconf 84' lang='lat' dir='ltr'>had</span> <span class='ocrx_word' id='word_1_214' title='bbox 405 3431 765 3494; x_wconf 79' lang='lat' dir='ltr'>nostrength.-veh10u16:</span> <span class='ocrx_word' id='word_1_215' title='bbox 784 3434 908 3499; x_wconf 81' lang='lat' dir='ltr'>carriage.</span> <span class='ocrx_word' id='word_1_216' title='bbox 946 3432 983 3482; x_wconf 92' lang='lat'>18.</span> <span class='ocrx_word' id='word_1_217' title='bbox 1000 3436 1243 3484; x_wconf 74' lang='lat' dir='ltr'>exacuerentur:</span> 
     </span>
     <span class='ocr_line' id='line_1_30' title="bbox 186 3514 1241 3580; baseline 0.002 -19"><span class='ocrx_word' id='word_1_218' title='bbox 186 3529 252 3561; x_wconf 86' lang='lat' dir='ltr'>were</span> <span class='ocrx_word' id='word_1_219' title='bbox 264 3515 392 3578; x_wconf 80' lang='lat' dir='ltr'>instamed.</span> <span class='ocrx_word' id='word_1_220' title='bbox 439 3526 476 3562; x_wconf 92' lang='lat'>20.</span> <span class='ocrx_word' id='word_1_221' title='bbox 495 3514 673 3563; x_wconf 81' lang='lat' dir='ltr'>commoda:</span> <span class='ocrx_word' id='word_1_222' title='bbox 693 3515 814 3564; x_wconf 83' lang='lat' dir='ltr'>interests.</span> <span class='ocrx_word' id='word_1_223' title='bbox 856 3529 894 3565; x_wconf 89' lang='lat'>21.</span> <span class='ocrx_word' id='word_1_224' title='bbox 913 3515 1090 3577; x_wconf 69' lang='lat' dir='ltr'>perorandi:</span> <span class='ocrx_word' id='word_1_225' title='bbox 1106 3515 1241 3580; x_wconf 80' lang='lat' dir='ltr'>finishing</span> 
     </span>
    </p>
   </div>
   <div class='ocr_carea' id='block_1_3' title="bbox 185 3596 1242 3743">
    <p class='ocr_par' dir='ltr' id='par_1_3' title="bbox 185 3596 1242 3743">
     <span class='ocr_line' id='line_1_31' title="bbox 185 3596 1242 3664; baseline 0.001 -20"><span class='ocrx_word' id='word_1_226' title='bbox 185 3597 226 3645; x_wconf 84' lang='lat' dir='ltr'>his</span> <span class='ocrx_word' id='word_1_227' title='bbox 237 3598 338 3663; x_wconf 70' lang='lat' dir='ltr'>definse.</span> <span class='ocrx_word' id='word_1_228' title='bbox 369 3609 408 3645; x_wconf 79' lang='lat'>22.</span> <span class='ocrx_word' id='word_1_229' title='bbox 419 3596 567 3659; x_wconf 70' lang='lat' dir='ltr'>legitimis</span> <span class='ocrx_word' id='word_1_230' title='bbox 578 3632 603 3645; x_wconf 77' lang='grc'>..</span> <span class='ocrx_word' id='word_1_231' title='bbox 616 3633 622 3645; x_wconf 90' lang='grc'><strong>.</strong></span> <span class='ocrx_word' id='word_1_232' title='bbox 635 3596 789 3647; x_wconf 69' lang='lat' dir='ltr'>conlectis</span> <span class='ocrx_word' id='word_1_233' title='bbox 800 3615 805 3646; x_wconf 75' lang='grc' dir='ltr'><strong><em>ε</em></strong></span> <span class='ocrx_word' id='word_1_234' title='bbox 818 3600 884 3662; x_wconf 79' lang='lat' dir='ltr'>aster</span> <span class='ocrx_word' id='word_1_235' title='bbox 891 3600 973 3663; x_wconf 78' lang='lat' dir='ltr'>going</span> <span class='ocrx_word' id='word_1_236' title='bbox 980 3599 1085 3664; x_wconf 76' lang='lat' dir='ltr'>through</span> <span class='ocrx_word' id='word_1_237' title='bbox 1092 3599 1153 3647; x_wconf 82' lang='lat' dir='ltr'>with</span> <span class='ocrx_word' id='word_1_238' title='bbox 1165 3615 1181 3646; x_wconf 83' lang='lat' dir='ltr'><em>a</em></span> <span class='ocrx_word' id='word_1_239' title='bbox 1190 3615 1242 3646; x_wconf 84' lang='lat' dir='ltr'>cer-</span> 
     </span>
     <span class='ocr_line' id='line_1_32' title="bbox 186 3680 524 3743; baseline -0.018 -13"><span class='ocrx_word' id='word_1_240' title='bbox 186 3680 244 3730; x_wconf 74' lang='lat' dir='ltr'>tain</span> <span class='ocrx_word' id='word_1_241' title='bbox 253 3687 362 3729; x_wconf 82' lang='lat' dir='ltr'>amount</span> <span class='ocrx_word' id='word_1_242' title='bbox 368 3680 400 3743; x_wconf 83' lang='lat' dir='ltr'>os</span> <span class='ocrx_word' id='word_1_243' title='bbox 406 3680 454 3727; x_wconf 82' lang='lat' dir='ltr'>red</span> <span class='ocrx_word' id='word_1_244' title='bbox 461 3686 524 3742; x_wconf 80' lang='lat' dir='ltr'>lupe.</span> 
     </span>
    </p>
   </div>
   <div class='ocr_carea' id='block_1_4' title="bbox 0 0 1400 4142">
    <p class='ocr_par' dir='ltr' id='par_1_4' title="bbox 0 0 1400 4142">
     <span class='ocr_line' id='line_1_33' title="bbox 0 0 1400 4142; baseline 0 2"><span class='ocrx_word' id='word_1_245' title='bbox 0 0 1400 4142; x_wconf 95' lang='lat' dir='ltr'> </span> 
     </span>
    </p>
   </div>
  </div>
 </body>
</html>
