2792 4142
190 193 257 243 122
514 187 749 244 CORNELIUS
780 188 908 246 NEPOS

443 426 566 474 Hannibal
581 427 643 474 tells
659 425 800 476 Antiochus
815 426 842 475 oi
856 429 897 475 hia
912 441 976 476 νον.

230 557 276 619 ΙΙ.
307 557 395 618 Nam
412 565 449 619 ut
465 554 614 618 omittam
633 555 833 638 Philippum,
851 578 950 639 quem
967 556 1088 621 absens
1105 558 1234 624 hostem

185 668 328 732 reddidit
347 670 516 744 Romanis,
534 667 682 731 omnium
701 670 741 731 iis
762 670 969 751 temporibus
986 671 1235 751 potentissimus

186 789 243 843 rex
274 781 463 844 Antiochus
493 781 566 844 fuit.
615 781 718 844 Hunc
749 789 842 844 tanta
877 782 1058 864 cupiditate
1076 766 1244 889 sin-0311&

186 893 334 957 bellandi
348 904 384 956 ut
401 901 505 976 usque
527 900 546 955 a
568 893 668 957 rubro
687 903 769 956 mari
789 914 881 956 arma
897 902 1037 958 conatus
1054 896 1096 958 sit
1110 897 1235 960 inferre

130 1027 142 1082 5
184 996 312 1069 ltaliae.
361 1005 417 1069 Ad
439 1026 538 1095 quem
559 1027 635 1069 cum
657 1007 759 1087 legati
774 1008 944 1070 venissent
963 1008 1106 1070 Romani
1121 1019 1178 1090 qui
1193 1009 1235 1072 de

186 1120 256 1182 eius
281 1118 451 1182 voluntate
478 1119 690 1200 explorarent
718 1119 901 1202 darentque
926 1140 1062 1202 operam
1090 1121 1235 1184 consiliis

185 1232 400 1295 clandestinis
423 1241 460 1295 ut
485 1231 711 1294 Hannibalem
735 1233 769 1294 in
794 1231 1017 1313 suspicionem
1040 1240 1112 1314 regi
1134 1233 1236 1296 addir-

186 1354 308 1420 cerem,
337 1353 507 1427 tamquam
535 1343 577 1407 ab
603 1345 685 1425 ipsis
712 1354 887 1425 corruptus
914 1344 979 1408 alia
1006 1355 1105 1426 atque
1136 1353 1235 1409 antea

185 1466 330 1533 sentiret,
362 1477 472 1539 neque
506 1457 540 1519 id
573 1458 700 1520 frustra
733 1456 893 1520 fecissent
926 1457 1026 1539 idque
1062 1458 1235 1521 Hannibal

129 1592 159 1628 ιο
185 1571 404 1655 comperisset
434 1577 535 1651 seque
566 1570 609 1632 ab
639 1569 851 1633 interioribus
885 1569 1031 1633 consiliis
1065 1578 1236 1652 segregari

184 1682 329 1757 vidisset,
346 1691 496 1764 tempore
513 1683 592 1745 dato
613 1682 694 1746 adiit
716 1682 758 1744 ad
779 1690 901 1763 regem,
919 1692 1015 1765 eique
1036 1703 1113 1746 cum
1131 1685 1235 1747 multa

185 1795 226 1858 de
250 1795 314 1858 fide
338 1802 398 1858 sua
421 1805 454 1858 et
478 1796 554 1858 odio
579 1797 613 1857 in
647 1797 817 1858 Romanos
845 1803 1146 1872 commemorasset,
1170 1797 1234 1860 hoc

185 1907 352 1971 adiunxit:
385 1908 507 1971 “Pater
522 1908 649 1995 meus‚'’
666 1907 782 1990 inquit,
802 1908 1001 1971 “Hamilcar
1014 1909 1153 1990 puerulo
1169 1917 1231 1986 me,

185 2030 301 2103 utpote
324 2028 391 2083 non
416 2020 559 2102 amplius
583 2002 702 2084 novem
728 2028 833 2083 annos
857 2028 944 2097 nato,
969 2020 1003 2084 in
1033 2020 1233 2104 Hispaniam

128 2156 157 2209 15
184 2134 364 2214 imperator
380 2133 594 2214 proficiscens
618 2133 829 2214 Karthagine
852 2134 924 2197 Iovi
946 2133 1073 2216 optimo
1091 2135 1234 2198 maximo

184 2247 310 2310 hostias
325 2246 516 2310 immolavit.
565 2246 661 2328 Quae
683 2246 795 2308 divina
816 2253 869 2309 res
889 2246 968 2309 dum
988 2247 1233 2326 conficiebatur,

185 2360 347 2442 quaesivit
363 2380 451 2422 ame
466 2358 630 2422 vellemne
653 2379 766 2421 secum
788 2358 821 2423 in
843 2369 914 2422 cast
917 2380 953 2422 ra
972 2360 1145 2463 proficisci.
1194 2360 1234 2422 Id

184 2493 260 2535 cum
282 2472 423 2535 libenter
444 2473 647 2553 accepissem
660 2481 769 2554 atque
792 2471 833 2534 ab
855 2480 895 2536 eo
916 2482 1031 2609 petere
1047 2471 1233 2553 coepissem

183 2606 226 2647 ne
247 2584 413 2647 dubitaret
433 2584 596 2659 duceret
583 2593 654 2646 tum
676 2584 767 2660 ille,
847 2586 853 2597 '
1039 2585 1045 2597 '
1190 2587 1196 2598 '
1225 2587 1232 2600 '

127 2728 158 2763 20
184 2697 282 2759 fidem
313 2716 413 2779 quam
445 2697 577 2777 postulo
611 2696 763 2759 dederis!
793 2744 795 2755 .
853 2696 860 2710 '

184 2809 319 2873 adduxit
333 2808 421 2890 apud
435 2829 534 2892 quam
552 2809 739 2873 sacrificare
754 2820 766 2872 i
791 2810 950 2886 stituerat,
962 2830 1103 2892 eamque
1116 2818 1234 2874 ceteris

230 3011 249 3044 1.
273 3000 308 3045 ut
322 2996 478 3046 omittam:
504 2997 564 3043 wito
583 2995 621 3044 the
639 2998 765 3059 exception
784 2996 1113 3062 of-absbnsrwe'tlzout
1129 2998 1238 3062 meeling

181 3082 235 3129 Irim
249 3082 386 3142 inperson.
419 3093 443 3139 4
461 3079 552 3127 rubro
569 3079 658 3127 mari:
678 3079 739 3127 here
749 3080 826 3128 refers
837 3088 864 3128 to
875 3079 918 3128 the
932 3080 1033 3128 Persian
1045 3079 1112 3129 Gulf.
1147 3080 1169 3128 6.
1181 3093 1235 3129 vo·

182 3147 314 3212 luntdte:
329 3170 447 3225 purpose.
494 3175 515 3225 7.
535 3162 612 3223 regi:
633 3163 662 3209 r'n
674 3163 713 3209 the
721 3162 806 3227 king's
814 3179 872 3226 eyes.
907 3162 929 3211 8.
948 3166 1102 3224 tamquam
1114 3163 1193 3211 alia.
1208 3199 1234 3211 ..

183 3246 322 3295 nantuac:
345 3261 372 3292 as
392 3246 421 3309 ey
429 3245 459 3292 lte
469 3244 529 3292 held
537 3245 656 3309 different
665 3247 740 3293 oieaos
750 3244 822 3311 from
834 3247 898 3293 tleose
912 3246 942 3294 loe
955 3246 1010 3293 hod
1016 3247 1143 3311 formerly
1154 3253 1235 3293 enter-

182 3328 277 3377 tained.
311 3341 334 3389 9.
351 3327 476 3376 trustra:
496 3328 680 3393 roe'thoeeteffect.
718 3341 754 3376 10.
776 3329 939 3391 segregari:
959 3329 1066 3377 exclridr'.
1103 3341 1139 3377 11.
1162 3332 1235 3377 tem-

182 3422 269 3472 pora:
300 3411 468 3473 opportunior.
508 3421 545 3458 12.
563 3412 846 3459 commemorasset:
875 3411 999 3458 docuisset.
1048 3422 1085 3472 13.
1107 3410 1233 3471 puerulo

182 3496 245 3543 me:
265 3493 314 3541 abl.
332 3492 384 3542 abs.
422 3505 458 3552 14.
475 3496 599 3553 utpote:
627 3494 695 3541 since
712 3494 731 3540 J
743 3509 802 3541 was.
850 3493 887 3541 16.
911 3492 1032 3542 hostiis
1048 3493 1231 3542 immolavit:

182 3577 275 3644 offered
283 3594 299 3624 o
315 3575 584 3641 sacrifica-divina
601 3578 666 3624 res:
687 3576 778 3623 sacred
789 3577 845 3624 rite.
876 3588 912 3638 19.
935 3576 1106 3625 dubitaret:
1125 3575 1233 3624 hesitare.

183 3674 221 3710 20.
244 3660 349 3710 fidem:
369 3660 487 3724 promise.
523 3671 562 3709 21.
584 3658 773 3708 instituerat:
793 3665 909 3724 coeperat.
