2792 4142
208 237 255 311 54
358 235 361 239 ’
536 226 769 286 coenamus
799 227 927 285 NEPOS

204 409 257 457 The
268 409 393 468 Spartans
403 410 448 470 try
457 411 485 456 to
495 411 541 456 ltili
555 410 705 463 Alcibiades.
720 410 777 457 who
792 410 869 456 takes
884 407 972 468 refuge
986 409 1052 455 with
1067 408 1259 469 Tissaphernes.

420 484 457 531 ide
470 485 494 532 is
505 486 617 531 restored
631 486 658 531 to
671 483 744 531 favor
756 483 822 530 with
833 485 878 530 the
893 483 1043 530 Atheniens.

248 632 289 696 V.
323 632 443 714 Neque
466 639 546 694 vere
568 632 619 694 his
643 556 962 760 sibuffiffffl
992 630 1158 694 Alcibiadi
1184 642 1262 696 sunt

206 745 287 808 facti
309 764 408 826 quam
432 744 551 808 timere
574 744 616 807 ab
640 752 680 808 ee
704 712 987 821 alienetrsqss'Nam
1011 763 1086 807 cum
1110 745 1262 807 ecerrimi

204 857 267 920 viri
304 866 531 938 praestantem
565 855 777 938 predentiam
811 855 845 918 in
882 855 1035 919 omnibus
1072 855 1172 918 rebus
1211 865 1263 919 ce

206 978 415 1051 gnescerent,
451 968 705 1090 pertimueruffi
730 975 773 1030 ne
773 967 944 1085 pceritete
980 966 1106 1049 patriae
1141 969 1261 1032 ductus

155 1098 169 1149 5
206 1082 385 1164 aliquande
409 1082 451 1145 ab
475 1081 557 1165 ipsis
582 1052 781 1145 descisceret
808 1090 841 1144 et
869 1100 944 1143 cum
970 1090 1038 1143 suis
1061 1079 1261 1193 iffietiam

205 1195 336 1258 rediret.
384 1196 502 1277 Itaque
533 1205 664 1276 tempus
689 1193 760 1256 eius
785 1192 1005 1256 interficiendi
1032 1213 1193 1274 quaerere
1215 1203 1262 1255 in-

207 1306 391 1378 stituerunt.
440 1307 479 1370 Id
495 1306 688 1371 Alcibiades
705 1304 828 1369 dietius
845 1306 945 1368 celeri
960 1306 1169 1429 merwile
1190 1315 1262 1369 erat

206 1421 294 1482 enim
311 1427 351 1482 ee
368 1420 550 1515 sagecitete
566 1429 602 1483 ut
618 1420 731 1527 decipi
744 1425 810 1481 nen
821 1427 951 1529 Βᾳῇεεῖ,
968 1399 1169 1498 praesertild
1180 1438 1255 1481 cum

206 1532 354 1595 animum
382 1504 579 1595 atteirilisset
605 1532 647 1595 ad
675 1498 890 1594 caventium*
936 1531 1055 1612 Itaque
1082 1530 1124 1592 ad
1151 1530 1261 1594 Tissa·

156 1664 186 1700 ιο
207 1646 379 1727 phernem,
405 1646 612 1727 praelectum
639 1646 728 1726 regis
758 1644 869 1720 Derei,
898 1650 934 1706 se
945 1612 1107 1706 ‘contilit
1155 1643 1258 1707 Ceius

207 1778 283 1820 cum
299 1757 333 1820 in
354 1757 504 1820 intimam
523 1756 701 1820 amicitiam
723 1756 929 1839 pervenisset
949 1765 984 1819 et
1003 1754 1259 1819 Atheniensium

207 1870 294 1933 male
310 1879 412 1951 gestis
429 1870 463 1933 in
480 1869 591 1934 Sicilie
607 1868 706 1932 rebus
719 1836 1005 1952 elies‘s‘e‘riescere,
1022 1877 1138 1933 contre
1159 1870 1259 1932 Lace·

207 1982 455 2046 daemonierum
493 1989 643 2046 crescere
679 1982 816 2058 videret,
855 1981 949 2045 initie
985 2001 1061 2046 cum
1101 1982 1261 2045 Pisandre

208 2103 370 2177 praetere,
394 2104 451 2176 qui
477 2095 566 2177 apud
591 2094 728 2159 Samum
752 2094 932 2158 exercitum
957 2094 1111 2171 habebat,
1134 2115 1194 2177 per
1215 2094 1260 2157 in-

156 2231 186 2284 15
206 2207 393 2271 tementies
409 2205 618 2288 conloquitur
633 2216 667 2270 et
683 2206 724 2270 de
739 2207 847 2271 redite
864 2215 934 2305 sue?
947 2207 1028 2305 lacit
1047 2207 1257 2271 mentienem.
1337 2262 1342 2303 ι

209 2321 243 2383 Is
262 2330 332 2384 erat
353 2319 441 2383 enim
460 2319 577 2382 eedem
594 2327 661 2401 que
678 2319 871 2383 Alcibiades
881 2278 998 2395 llensii,
1016 2321 1132 2402 populi
1148 2328 1260 2432 ppt'en-
1338 2320 1341 2337 '

207 2432 272 2496 tiae
289 2441 356 2495 nen
373 2442 499 2495 amicus
515 2442 548 2495 et
567 2395 916 2513 optimatium'f‘ir‘r'tb'r'.
965 2432 1021 2497 Ab
1042 2433 1104 2495 huc
1126 2372 1271 2494 ἀρςᾶἷῇβ
1339 2410 1344 2483 ¹,

207 2554 260 2608 tus
283 2555 424 2626 primum
446 2564 506 2628 per
526 2545 787 2630 Thrasybelum,
812 2546 896 2631 Lyci
917 2545 1033 2621 lilium,
1050 2545 1093 2608 ab
1114 2542 1258 2608 exercite

206 2657 364 2739 recipitur
386 2667 584 2740 praetorque
608 2658 645 2721 fit
667 2659 758 2739 apud
782 2659 939 2733 Samum;
962 2667 1036 2740 post
1052 2616 1348 2803 ευξὶτῗςῖιῖἓᾎῚι

116 2770 119 2778 ’
155 2795 186 2831 20
206 2771 417 2834 Theramene
441 2771 555 2853 populi
578 2779 661 2834 scite
684 2770 868 2834 restituitur
896 2780 1033 2853 parique
1061 2769 1264 2850 absensim-
1346 2810 1352 2871 ἦ,

207 2882 299 2965 perie
324 2883 512 2965 praeficitur
534 2883 631 2946 simul
652 2904 729 2946 cum
751 2883 965 2968 Thrasybele
985 2893 1019 2947 et
1039 2883 1252 2948 Theremene
1324 2906 1327 2911 ·
1350 2896 1361 2937 t

209 2996 339 3058 Herum
359 2998 393 3058 in
412 2996 551 3078 imperie
569 3006 662 3060 tanta
681 2998 897 3060 commetetie
917 2995 1138 3105 rerumsfacta
1157 3005 1247 3067 estu
1316 3038 1322 3083 ,-
1352 2986 1355 3013 ¹

209 3102 482 3183 Lacedaemonii,
499 3118 556 3190 qui
581 3109 682 3190 paule
709 3118 786 3172 ante
813 3115 954 3172 victeres
981 3084 1165 3189 viguerant,
1190 3129 1233 3189 pe
1315 3094 1321 3173 l

206 3220 310 3285 territi
330 3228 447 3303 pecem
469 3230 629 3303 peterent.
675 3223 765 3285 Victi
783 3223 871 3284 enim
890 3230 985 3284 erant
1000 3231 1146 3303 quinque
1168 3241 1221 3302 pr<
1307 3242 1315 3329 q
1361 3284 1363 3291 ,

155 3363 185 3415 ²5
207 3335 258 3407 liis
288 3333 508 3408 terrestribus
536 3328 641 3397 tribus
672 3334 855 3410 nevelibus,
883 3336 917 3396 in
948 3333 1067 3416 quibus
1099 3326 1212 3396 ducer'
1305 3342 1311 3389 t

190 3454 300 3510 -nevis
323 3446 465 3510 triremis
487 3453 675 3522 emiserant,
696 3467 782 3529 quae
804 3456 922 3529 captae
944 3445 976 3508 in
999 3445 1143 3509 hostium
1163 3466 1183 3506 v
1211 3438 1227 3449 ⁸

206 3570 281 3624 rant
312 3566 520 3643 potestetem.
587 3559 781 3623 Alcibiades
813 3559 910 3623 simul
937 3579 1012 3623 cum
1038 3560 1168 3640 conlegi

206 3682 342 3759 ceperat
365 3671 503 3748 leniam,
528 3672 797 3755 Hellespontum,
821 3673 942 3736 multes
967 3678 1138 3755 praeteree
