2792 4142
590 196 801 254 Anrsrmss
1171 205 1217 276 37

414 336 559 390 μυλω-
743 384 744 387 ,

166 401 309 464 poenam
331 389 397 443 nan
417 380 559 462 pertulit.
611 381 699 442 Nam
722 390 907 463 postquam
921 382 1049 445 Xerxes
1070 382 1104 443 in
1120 382 1220 445 Grae-

164 494 249 557 ciam
278 493 459 569 descendit,
488 501 582 556 sexta
612 493 683 556 fere
715 501 804 555 anna
830 514 929 575 quam
962 503 1033 557 erat
1063 494 1219 577 expulsus

164 607 281 690 populi
304 613 386 668 scito
408 605 442 668 in
467 606 608 688 patriam
632 605 803 668 restitatus
827 614 886 668 est.
1081 590 1083 595 ⁵

323 813 451 860 Aristides
460 811 541 873 fights
552 813 578 858 in
588 813 633 860 the
643 812 740 860 battles
750 812 777 860 oi
786 813 897 860 Salamis
907 815 956 860 and
965 813 1081 862 Plataea.

209 957 255 1020 II.
290 957 447 1020 Interfuit
474 966 585 1020 autem
614 964 748 1038 pugnae
775 935 1004 1038 navali'apud
1038 958 1217 1034 Salamina,

162 1089 248 1152 quae
275 1071 366 1133 facta
392 1079 443 1133 est
470 1068 561 1151 prius
589 1090 690 1151 quam¹
721 1077 831 1151 poena
861 1070 1063 1133 liberaretur.
1123 1063 1217 1135 ldem
1257 1086 1285 1146 5'

163 1192 257 1264 praet
280 1182 376 1245 riuit
392 1181 650 1245 Atheniensium
667 1183 756 1263 apud
780 1183 931 1246 Plataeas
951 1182 985 1245 in
1006 1185 1132 1266 proelia
1153 1193 1218 1266 qua

163 1294 259 1357 fusus
290 1294 701 1408 barbaraQexercitus
733 1294 994 1377 Mardoniusque
1021 1296 1218 1360 interiectus

162 1416 222 1469 est.
271 1407 391 1488 Neque
407 1406 496 1469 aliud
513 1417 564 1470 est
581 1406 684 1468 iillum
702 1406 800 1469 hirius
817 1407 850 1468 in
871 1414 906 1469 ra
927 1408 1060 1470 militari
1079 1409 1217 1472 inlustre

162 1519 287 1581 factum
320 1539 420 1601 quam
452 1520 521 1581 aius
553 1517 671 1600 imperi
702 1518 869 1592 memoria,
902 1518 1045 1583 iustitiae
1076 1528 1155 1583 vero
1184 1530 1218 1584 et

163 1630 339 1713 aequitatis
367 1641 401 1694 et
427 1630 637 1694 innocentiae
665 1630 778 1706 multa,
804 1633 838 1693 in
866 1641 980 1712 primis
1007 1634 1095 1714 quod
1120 1633 1218 1696 huius
1243 1662 1271 1696 ιο

163 1744 329 1826 aequitate
346 1744 473 1807 factum
490 1753 549 1819 est,
564 1764 639 1806 cum
655 1742 689 1806 in
706 1751 876 1807 communi
892 1745 998 1808 classe
1015 1755 1103 1808 esset
1120 1747 1218 1809 Grae-

162 1856 233 1919 ciae
249 1857 346 1919 simul
363 1876 438 1920 cum
461 1856 633 1931 Pausania,
657 1866 692 1919 ut
714 1876 843 1919 summa
863 1856 983 1939 imperi
1003 1857 1158 1920 maritimi
1176 1859 1217 1921 ab

164 1969 437 2032 Lacedaemoniis
461 1969 699 2032 transferretur
720 1969 762 2031 ad
788 1968 1014 2047 Atheniensis.
1064 1971 1218 2052 Namque

163 2090 240 2143 ante
253 2081 285 2143 id
295 2090 429 2164 tempus
440 2091 473 2144 et
486 2090 568 2143 mari
580 2091 613 2144 et
626 2088 714 2144 terra
727 2081 828 2143 duces
841 2090 936 2144 erant
950 2082 1215 2145 Lacedaemonii.

162 2193 250 2255 Tum
267 2202 378 2256 autem
395 2202 428 2256 et
440 2192 697 2275 intemperantia
712 2193 896 2256 Pausaniae
909 2203 942 2257 et
953 2193 1076 2256 iustitia
1090 2195 1217 2257 factum
1242 2226 1270 2278 15

162 2314 213 2368 est
233 2305 391 2368 Aristidis
413 2315 448 2368 ut
469 2313 585 2368 omnes
606 2306 678 2379 lere
699 2306 848 2368 civitates
869 2307 1028 2369 Graeciae
1050 2307 1091 2368 ad
1114 2306 1218 2369 Athe-

163 2417 327 2480 niensium
344 2419 536 2481 societatem
553 2425 589 2481 sa
647 2439 668 2500 p
683 2400 819 2493 darent,
837 2427 871 2481 et
887 2418 1045 2481 adversus
1058 2417 1218 2482 barbaros

82 2518 84 2529 ¹
163 2530 224 2593 has
240 2530 342 2594 ducas
366 2530 550 2611 deligerent
574 2530 644 2594 sibi.

254 2744 381 2792 Aristides
392 2745 481 2792 diesin
492 2747 607 2805 novelty,
618 2746 717 2806 though
732 2746 763 2792 he
778 2746 826 2793 has
841 2745 902 2792 been
917 2757 1035 2793 assessor
1044 2745 1070 2794 oi
1081 2748 1126 2794 the
1206 2794 1208 2797 .

543 2818 711 2881 confederacy
721 2819 747 2868 of
756 2821 840 2868 Delos.

210 2960 276 3022 ΙΙΙ.
311 2961 405 3043 Quas
433 2969 498 3043 qua
526 2960 657 3024 facilius
688 2961 889 3042 repellerent
920 2970 948 3023 si
977 2961 1063 3024 forte
1094 2961 1217 3026 bellum

165 3080 324 3135 renovare
362 3080 569 3148 canarentur,
605 3073 648 3136 ad
681 3074 797 3136 classis
835 3073 1060 3136 aedificandas
1098 3075 1218 3138 exerci-
1241 3101 1272 3136 20

166 3191 285 3267 trisque
308 3186 551 3288 comparandas
571 3195 732 3267 quantum
755 3185 1089 3303 pecaniaq'qqaeque
1105 3187 1219 3251 civitas

166 3296 453 3425 dwistides
485 3297 633 3360 delectus
664 3308 715 3361 est
746 3308 803 3380 qui
833 3298 1057 3374 canstitueret
1083 3300 1219 3382 eiusque

166 3408 301 3472 arbitrio
332 3410 563 3492 quadringena
601 3419 633 3472 et
673 3417 840 3492 sexagena
877 3411 1003 3507 talenta
1041 3421 1220 3501 quotannis

168 3522 290 3583 Delum
315 3531 392 3584 sunt
415 3523 568 3597 conlata;
594 3522 626 3584 id
651 3524 739 3585 enim
764 3530 939 3586 commane
963 3516 1126 3587 aerarium
1146 3545 1221 3588 esse

165 3630 349 3696 voluerunt.
408 3635 504 3718 Quae
550 3635 657 3698 omnis
703 3637 846 3719 pecania
892 3644 1025 3719 postera
1069 3646 1219 3720 tempore
1242 3663 1273 3716 ²5
