<?xml version="1.0" encoding="UTF-8"?>
<!DOCTYPE html PUBLIC "-//W3C//DTD XHTML 1.0 Transitional//EN"
    "http://www.w3.org/TR/xhtml1/DTD/xhtml1-transitional.dtd">
<html xmlns="http://www.w3.org/1999/xhtml" xml:lang="en" lang="en">
 <head>
  <title>
</title>
<meta http-equiv="Content-Type" content="text/html;charset=utf-8" />
  <meta name='ocr-system' content='tesseract 3.04.00' />
  <meta name='ocr-capabilities' content='ocr_page ocr_carea ocr_par ocr_line ocrx_word'/>
</head>
<body>
  <div class='ocr_page' id='page_1' title='image "./twentylives00barsgoog_0090.png"; bbox 0 0 2792 4142; ppageno 0'>
   <div class='ocr_carea' id='block_1_1' title="bbox 200 97 923 287">
    <p class='ocr_par' dir='ltr' id='par_1_1' title="bbox 200 97 923 287">
     <span class='ocr_line' id='line_1_1' title="bbox 767 97 789 136; baseline 0 0"><span class='ocrx_word' id='word_1_1' title='bbox 767 97 789 136; x_wconf 68' lang='lat' dir='ltr'><strong><em>s</em></strong></span> 
     </span>
     <span class='ocr_line' id='line_1_2' title="bbox 200 193 923 287; baseline -0.001 -24"><span class='ocrx_word' id='word_1_2' title='bbox 200 193 246 263; x_wconf 87' lang='lat'><strong>66</strong></span> <span class='ocrx_word' id='word_1_3' title='bbox 530 204 764 263; x_wconf 80' lang='lat' dir='ltr'><strong>conunuus</strong></span> <span class='ocrx_word' id='word_1_4' title='bbox 795 204 923 287; x_wconf 76' lang='lat' dir='ltr'><strong>nanos</strong></span> 
     </span>
    </p>
   </div>
   <div class='ocr_carea' id='block_1_2' title="bbox 144 417 1268 2955">
    <p class='ocr_par' dir='ltr' id='par_1_2' title="bbox 144 417 1268 2955">
     <span class='ocr_line' id='line_1_3' title="bbox 220 417 1233 479; baseline 0 -13"><span class='ocrx_word' id='word_1_5' title='bbox 220 418 300 466; x_wconf 75' lang='lat' dir='ltr'>Conon</span> <span class='ocrx_word' id='word_1_6' title='bbox 315 417 401 467; x_wconf 81' lang='lat' dir='ltr'><strong>learns</strong></span> <span class='ocrx_word' id='word_1_7' title='bbox 416 418 443 466; x_wconf 84' lang='lat' dir='ltr'><strong>oi</strong></span> <span class='ocrx_word' id='word_1_8' title='bbox 457 419 650 479; x_wconf 57' lang='lat' dir='ltr'><strong>Tissaphernes</strong></span> <span class='ocrx_word' id='word_1_9' title='bbox 667 421 768 467; x_wconf 79' lang='lat' dir='ltr'>scheme</span> <span class='ocrx_word' id='word_1_10' title='bbox 783 419 809 466; x_wconf 82' lang='lat' dir='ltr'><strong>of</strong></span> <span class='ocrx_word' id='word_1_11' title='bbox 823 420 912 478; x_wconf 82' lang='lat' dir='ltr'>revolt,</span> <span class='ocrx_word' id='word_1_12' title='bbox 929 421 977 466; x_wconf 83' lang='lat' dir='ltr'><strong>and</strong></span> <span class='ocrx_word' id='word_1_13' title='bbox 992 420 1091 467; x_wconf 77' lang='lat' dir='ltr'><strong>rovealr</strong></span> <span class='ocrx_word' id='word_1_14' title='bbox 1109 419 1132 466; x_wconf 88' lang='lat' dir='ltr'><strong>it</strong></span> <span class='ocrx_word' id='word_1_15' title='bbox 1147 422 1174 468; x_wconf 92' lang='lat' dir='ltr'><strong>to</strong></span> <span class='ocrx_word' id='word_1_16' title='bbox 1188 422 1233 467; x_wconf 81' lang='lat' dir='ltr'><strong>the</strong></span> 
     </span>
     <span class='ocr_line' id='line_1_4' title="bbox 694 495 764 555; baseline 0 -14"><span class='ocrx_word' id='word_1_17' title='bbox 694 495 764 555; x_wconf 84' lang='lat' dir='ltr'><strong>king.</strong></span> 
     </span>
     <span class='ocr_line' id='line_1_5' title="bbox 243 623 1253 706; baseline -0.001 -20"><span class='ocrx_word' id='word_1_18' title='bbox 243 624 309 687; x_wconf 87' lang='grc' dir='ltr'><strong>ΙΙΙ.</strong></span> <span class='ocrx_word' id='word_1_19' title='bbox 341 624 522 687; x_wconf 75' lang='lat' dir='ltr'><strong>Deiecerat</strong></span> <span class='ocrx_word' id='word_1_20' title='bbox 549 631 568 686; x_wconf 79' lang='lat' dir='ltr'><strong>a</strong></span> <span class='ocrx_word' id='word_1_21' title='bbox 596 631 673 705; x_wconf 76' lang='lat' dir='ltr'><strong>rege</strong></span> <span class='ocrx_word' id='word_1_22' title='bbox 705 623 959 706; x_wconf 76' lang='lat' dir='ltr'><strong>Tissaphernes,</strong></span> <span class='ocrx_word' id='word_1_23' title='bbox 989 643 1097 706; x_wconf 92' lang='lat' dir='ltr'><strong>neque</strong></span> <span class='ocrx_word' id='word_1_24' title='bbox 1125 623 1158 685; x_wconf 92' lang='lat' dir='ltr'><strong>id</strong></span> <span class='ocrx_word' id='word_1_25' title='bbox 1185 634 1253 686; x_wconf 88' lang='lat' dir='ltr'><strong>tam</strong></span> 
     </span>
     <span class='ocr_line' id='line_1_6' title="bbox 150 736 1254 818; baseline 0 -19"><span class='ocrx_word' id='word_1_26' title='bbox 150 749 153 755; x_wconf 88' lang='grc'><strong>’</strong></span> <span class='ocrx_word' id='word_1_27' title='bbox 198 736 375 799; x_wconf 76' lang='lat' dir='ltr'><strong>Artaxerxi</strong></span> <span class='ocrx_word' id='word_1_28' title='bbox 396 757 497 818; x_wconf 92' lang='lat' dir='ltr'><strong>quam</strong></span> <span class='ocrx_word' id='word_1_29' title='bbox 516 744 634 800; x_wconf 75' lang='lat' dir='ltr'><strong>ceteris</strong></span> <span class='ocrx_word' id='word_1_30' title='bbox 657 747 728 799; x_wconf 89' lang='lat' dir='ltr'><strong>erat</strong></span> <span class='ocrx_word' id='word_1_31' title='bbox 749 746 917 818; x_wconf 88' lang='lat' dir='ltr'><strong>apertum;</strong></span> <span class='ocrx_word' id='word_1_32' title='bbox 941 737 1053 798; x_wconf 84' lang='lat' dir='ltr'><strong>multis</strong></span> <span class='ocrx_word' id='word_1_33' title='bbox 1076 736 1164 799; x_wconf 94' lang='lat' dir='ltr'><strong>enim</strong></span> <span class='ocrx_word' id='word_1_34' title='bbox 1189 744 1254 799; x_wconf 77' lang='lat' dir='ltr'><strong>ma-</strong></span> 
     </span>
     <span class='ocr_line' id='line_1_7' title="bbox 197 848 1253 931; baseline 0.001 -20"><span class='ocrx_word' id='word_1_35' title='bbox 197 859 338 931; x_wconf 78' lang='lat' dir='ltr'><strong>gnisque</strong></span> <span class='ocrx_word' id='word_1_36' title='bbox 362 849 488 913; x_wconf 81' lang='lat' dir='ltr'><strong>meritis</strong></span> <span class='ocrx_word' id='word_1_37' title='bbox 511 848 600 931; x_wconf 92' lang='lat' dir='ltr'><strong>apud</strong></span> <span class='ocrx_word' id='word_1_38' title='bbox 625 857 748 931; x_wconf 75' lang='lat' dir='ltr'><strong>regem,</strong></span> <span class='ocrx_word' id='word_1_39' title='bbox 773 849 873 913; x_wconf 89' lang='lat' dir='ltr'><strong>etiam</strong></span> <span class='ocrx_word' id='word_1_40' title='bbox 897 870 971 912; x_wconf 86' lang='lat' dir='ltr'><strong>cum</strong></span> <span class='ocrx_word' id='word_1_41' title='bbox 992 851 1026 911; x_wconf 92' lang='lat' dir='ltr'><strong>in</strong></span> <span class='ocrx_word' id='word_1_42' title='bbox 1054 848 1162 911; x_wconf 81' lang='lat' dir='ltr'>officio</span> <span class='ocrx_word' id='word_1_43' title='bbox 1187 857 1253 912; x_wconf 82' lang='lat' dir='ltr'><strong>non</strong></span> 
     </span>
     <span class='ocr_line' id='line_1_8' title="bbox 197 961 1253 1044; baseline 0 -21"><span class='ocrx_word' id='word_1_44' title='bbox 197 969 356 1038; x_wconf 74' lang='lat' dir='ltr'><strong>maneret,</strong></span> <span class='ocrx_word' id='word_1_45' title='bbox 383 961 524 1024; x_wconf 78' lang='lat' dir='ltr'><strong>valebat.</strong></span> <span class='ocrx_word' id='word_1_46' title='bbox 589 963 708 1044; x_wconf 87' lang='lat' dir='ltr'><strong>Neque</strong></span> <span class='ocrx_word' id='word_1_47' title='bbox 739 962 772 1023; x_wconf 93' lang='lat' dir='ltr'><strong>id</strong></span> <span class='ocrx_word' id='word_1_48' title='bbox 799 972 870 1024; x_wconf 91' lang='lat' dir='ltr'><strong>erat</strong></span> <span class='ocrx_word' id='word_1_49' title='bbox 901 962 1099 1037; x_wconf 82' lang='lat' dir='ltr'><strong>mirandum,</strong></span> <span class='ocrx_word' id='word_1_50' title='bbox 1128 972 1156 1023; x_wconf 85' lang='lat' dir='ltr'><strong>si</strong></span> <span class='ocrx_word' id='word_1_51' title='bbox 1186 969 1253 1023; x_wconf 76' lang='lat' dir='ltr'><strong>non</strong></span> 
     </span>
     <span class='ocr_line' id='line_1_9' title="bbox 147 1073 1254 1148; baseline -0.004 -8"><span class='ocrx_word' id='word_1_52' title='bbox 147 1089 159 1140; x_wconf 83' lang='grc'><strong><em>5</em></strong></span> <span class='ocrx_word' id='word_1_53' title='bbox 198 1073 296 1137; x_wconf 85' lang='lat' dir='ltr'><strong>facile</strong></span> <span class='ocrx_word' id='word_1_54' title='bbox 321 1074 363 1136; x_wconf 92' lang='lat' dir='ltr'><strong>ad</strong></span> <span class='ocrx_word' id='word_1_55' title='bbox 388 1074 592 1137; x_wconf 77' lang='lat' dir='ltr'><strong>eredendum</strong></span> <span class='ocrx_word' id='word_1_56' title='bbox 617 1074 853 1148; x_wconf 76' lang='lat' dir='ltr'><strong>adducebatur,</strong></span> <span class='ocrx_word' id='word_1_57' title='bbox 884 1075 1098 1137; x_wconf 79' lang='lat' dir='ltr'><strong>reminiscens</strong></span> <span class='ocrx_word' id='word_1_58' title='bbox 1124 1073 1193 1135; x_wconf 76' lang='lat' dir='ltr'><strong>eius</strong></span> <span class='ocrx_word' id='word_1_59' title='bbox 1218 1081 1254 1136; x_wconf 75' lang='lat' dir='ltr'><strong>se</strong></span> 
     </span>
     <span class='ocr_line' id='line_1_10' title="bbox 198 1186 1253 1270; baseline -0.001 -21"><span class='ocrx_word' id='word_1_60' title='bbox 198 1194 299 1268; x_wconf 75' lang='lat' dir='ltr'><strong>opera</strong></span> <span class='ocrx_word' id='word_1_61' title='bbox 320 1188 443 1270; x_wconf 75' lang='lat' dir='ltr'><strong>Cyrum</strong></span> <span class='ocrx_word' id='word_1_62' title='bbox 463 1188 600 1250; x_wconf 77' lang='lat' dir='ltr'><strong>fratrem</strong></span> <span class='ocrx_word' id='word_1_63' title='bbox 620 1194 805 1267; x_wconf 75' lang='lat' dir='ltr'><strong>superasse.</strong></span> <span class='ocrx_word' id='word_1_64' title='bbox 855 1186 966 1248; x_wconf 80' lang='lat' dir='ltr'>Huius</span> <span class='ocrx_word' id='word_1_65' title='bbox 985 1186 1164 1249; x_wconf 81' lang='lat' dir='ltr'><strong>accusandi</strong></span> <span class='ocrx_word' id='word_1_66' title='bbox 1182 1193 1253 1267; x_wconf 76' lang='lat' dir='ltr'><strong>gra-</strong></span> 
     </span>
     <span class='ocr_line' id='line_1_11' title="bbox 197 1288 1251 1381; baseline -0.002 -20"><span class='ocrx_word' id='word_1_67' title='bbox 197 1301 243 1361; x_wconf 76' lang='lat' dir='ltr'><strong>tia</strong></span> <span class='ocrx_word' id='word_1_68' title='bbox 262 1299 414 1363; x_wconf 76' lang='lat' dir='ltr'>Conona</span> <span class='ocrx_word' id='word_1_69' title='bbox 432 1288 648 1363; x_wconf 75' lang='lat' dir='ltr'><strong>Pharnabazo</strong></span> <span class='ocrx_word' id='word_1_70' title='bbox 669 1300 712 1362; x_wconf 90' lang='lat' dir='ltr'><strong>ad</strong></span> <span class='ocrx_word' id='word_1_71' title='bbox 735 1307 848 1381; x_wconf 77' lang='lat' dir='ltr'><strong>regem</strong></span> <span class='ocrx_word' id='word_1_72' title='bbox 871 1299 990 1361; x_wconf 92' lang='lat' dir='ltr'><strong>missus</strong></span> <span class='ocrx_word' id='word_1_73' title='bbox 1014 1305 1131 1379; x_wconf 73' lang='lat' dir='ltr'><strong>postea</strong></span> <span class='ocrx_word' id='word_1_74' title='bbox 1152 1319 1251 1380; x_wconf 90' lang='lat' dir='ltr'><strong>quam</strong></span> 
     </span>
     <span class='ocr_line' id='line_1_12' title="bbox 197 1399 1254 1493; baseline -0.001 -20"><span class='ocrx_word' id='word_1_75' title='bbox 197 1412 296 1487; x_wconf 72' lang='lat' dir='ltr'><strong>venit,</strong></span> <span class='ocrx_word' id='word_1_76' title='bbox 323 1421 464 1493; x_wconf 85' lang='lat' dir='ltr'><strong>primum</strong></span> <span class='ocrx_word' id='word_1_77' title='bbox 489 1432 529 1475; x_wconf 90' lang='lat' dir='ltr'><strong>ex</strong></span> <span class='ocrx_word' id='word_1_78' title='bbox 553 1419 644 1474; x_wconf 77' lang='lat' dir='ltr'><strong>more</strong></span> <span class='ocrx_word' id='word_1_79' title='bbox 673 1413 847 1474; x_wconf 77' lang='lat' dir='ltr'><strong>Persarum</strong></span> <span class='ocrx_word' id='word_1_80' title='bbox 875 1399 921 1474; x_wconf 48' lang='lat' dir='ltr'><strong>ad&#39;</strong></span> <span class='ocrx_word' id='word_1_81' title='bbox 944 1410 1170 1485; x_wconf 82' lang='lat' dir='ltr'>chiliarchum,</span> <span class='ocrx_word' id='word_1_82' title='bbox 1197 1420 1254 1492; x_wconf 78' lang='lat' dir='ltr'><strong>qui</strong></span> 
     </span>
     <span class='ocr_line' id='line_1_13' title="bbox 198 1523 1253 1605; baseline -0.001 -19"><span class='ocrx_word' id='word_1_83' title='bbox 198 1524 380 1587; x_wconf 91' lang='lat' dir='ltr'><strong>secundum</strong></span> <span class='ocrx_word' id='word_1_84' title='bbox 403 1524 543 1605; x_wconf 87' lang='lat' dir='ltr'><strong>gradum</strong></span> <span class='ocrx_word' id='word_1_85' title='bbox 564 1524 683 1605; x_wconf 83' lang='lat' dir='ltr'><strong>imperi</strong></span> <span class='ocrx_word' id='word_1_86' title='bbox 706 1524 850 1600; x_wconf 72' lang='lat' dir='ltr'><strong>tenebat,</strong></span> <span class='ocrx_word' id='word_1_87' title='bbox 874 1524 1089 1586; x_wconf 77' lang='lat' dir='ltr'><strong>Tithrausten</strong></span> <span class='ocrx_word' id='word_1_88' title='bbox 1113 1523 1253 1586; x_wconf 88' lang='lat' dir='ltr'><strong>accessit</strong></span> 
     </span>
     <span class='ocr_line' id='line_1_14' title="bbox 147 1635 1251 1719; baseline -0.002 -20"><span class='ocrx_word' id='word_1_89' title='bbox 147 1658 176 1693; x_wconf 89' lang='lat'><strong>10</strong></span> <span class='ocrx_word' id='word_1_90' title='bbox 198 1644 299 1719; x_wconf 76' lang='lat' dir='ltr'><strong>seque</strong></span> <span class='ocrx_word' id='word_1_91' title='bbox 333 1637 477 1700; x_wconf 84' lang='lat' dir='ltr'>ostendit</span> <span class='ocrx_word' id='word_1_92' title='bbox 508 1657 583 1700; x_wconf 86' lang='lat' dir='ltr'><strong>cum</strong></span> <span class='ocrx_word' id='word_1_93' title='bbox 615 1644 694 1718; x_wconf 75' lang='lat' dir='ltr'><strong>rege</strong></span> <span class='ocrx_word' id='word_1_94' title='bbox 732 1637 887 1719; x_wconf 80' lang='lat' dir='ltr'>conloqui</span> <span class='ocrx_word' id='word_1_95' title='bbox 917 1637 1009 1699; x_wconf 88' lang='lat' dir='ltr'><strong>velle.</strong></span> <span class='ocrx_word' id='word_1_96' title='bbox 1073 1635 1162 1698; x_wconf 88' lang='lat' dir='ltr'>Huic</span> <span class='ocrx_word' id='word_1_97' title='bbox 1187 1636 1251 1710; x_wconf 88' lang='lat' dir='ltr'><strong>ille,</strong></span> 
     </span>
     <span class='ocr_line' id='line_1_15' title="bbox 199 1733 1253 1831; baseline -0.002 -19"><span class='ocrx_word' id='word_1_98' title='bbox 199 1755 217 1780; x_wconf 75' lang='lat'><strong>‘⁶</strong></span> <span class='ocrx_word' id='word_1_99' title='bbox 230 1750 362 1824; x_wconf 82' lang='lat' dir='ltr'><strong>Nulla‚”</strong></span> <span class='ocrx_word' id='word_1_100' title='bbox 380 1749 497 1831; x_wconf 90' lang='lat' dir='ltr'>inquit,</span> <span class='ocrx_word' id='word_1_101' title='bbox 510 1733 631 1812; x_wconf 87' lang='lat' dir='ltr'><strong>“mora</strong></span> <span class='ocrx_word' id='word_1_102' title='bbox 646 1758 707 1825; x_wconf 88' lang='lat' dir='ltr'><strong>est,</strong></span> <span class='ocrx_word' id='word_1_103' title='bbox 725 1749 784 1813; x_wconf 89' lang='lat' dir='ltr'><strong>sed</strong></span> <span class='ocrx_word' id='word_1_104' title='bbox 800 1757 836 1811; x_wconf 75' lang='lat' dir='ltr'><strong>tu</strong></span> <span class='ocrx_word' id='word_1_105' title='bbox 853 1749 998 1812; x_wconf 77' lang='lat' dir='ltr'><strong>delibera</strong></span> <span class='ocrx_word' id='word_1_106' title='bbox 1019 1758 1128 1811; x_wconf 90' lang='lat' dir='ltr'><strong>utrum</strong></span> <span class='ocrx_word' id='word_1_107' title='bbox 1145 1748 1253 1811; x_wconf 87' lang='lat' dir='ltr'>conlo-</span> 
     </span>
     <span class='ocr_line' id='line_1_16' title="bbox 198 1861 1252 1944; baseline -0.002 -20"><span class='ocrx_word' id='word_1_108' title='bbox 198 1872 255 1943; x_wconf 81' lang='lat' dir='ltr'><strong>qui</strong></span> <span class='ocrx_word' id='word_1_109' title='bbox 275 1863 370 1924; x_wconf 75' lang='lat' dir='ltr'><strong>malis</strong></span> <span class='ocrx_word' id='word_1_110' title='bbox 392 1882 434 1924; x_wconf 92' lang='lat' dir='ltr'><strong>an</strong></span> <span class='ocrx_word' id='word_1_111' title='bbox 460 1881 519 1943; x_wconf 92' lang='lat' dir='ltr'><strong>per</strong></span> <span class='ocrx_word' id='word_1_112' title='bbox 541 1862 667 1925; x_wconf 76' lang='lat' dir='ltr'><strong>litteras</strong></span> <span class='ocrx_word' id='word_1_113' title='bbox 691 1882 791 1944; x_wconf 87' lang='lat' dir='ltr'><strong>agere</strong></span> <span class='ocrx_word' id='word_1_114' title='bbox 810 1882 896 1944; x_wconf 90' lang='lat' dir='ltr'><strong>quae</strong></span> <span class='ocrx_word' id='word_1_115' title='bbox 919 1861 1054 1942; x_wconf 74' lang='lat' dir='ltr'><strong>cogitas.</strong></span> <span class='ocrx_word' id='word_1_116' title='bbox 1104 1861 1252 1923; x_wconf 84' lang='lat' dir='ltr'><strong>Necesse</strong></span> 
     </span>
     <span class='ocr_line' id='line_1_17' title="bbox 197 1974 1251 2056; baseline -0.004 -18"><span class='ocrx_word' id='word_1_117' title='bbox 197 1984 248 2038; x_wconf 88' lang='lat' dir='ltr'><strong>est</strong></span> <span class='ocrx_word' id='word_1_118' title='bbox 269 1974 413 2049; x_wconf 79' lang='lat' dir='ltr'><strong>enimsi</strong></span> <span class='ocrx_word' id='word_1_119' title='bbox 433 1974 466 2036; x_wconf 94' lang='lat' dir='ltr'><strong>in</strong></span> <span class='ocrx_word' id='word_1_120' title='bbox 491 1982 707 2056; x_wconf 79' lang='lat' dir='ltr'><strong>conspectum</strong></span> <span class='ocrx_word' id='word_1_121' title='bbox 730 1976 871 2050; x_wconf 76' lang='lat' dir='ltr'><strong>veneris,</strong></span> <span class='ocrx_word' id='word_1_122' title='bbox 888 1981 1041 2037; x_wconf 75' lang='lat' dir='ltr'><strong>venerari</strong></span> <span class='ocrx_word' id='word_1_123' title='bbox 1063 1980 1096 2036; x_wconf 75' lang='lat' dir='ltr'><strong>te</strong></span> <span class='ocrx_word' id='word_1_124' title='bbox 1121 1980 1251 2053; x_wconf 74' lang='lat' dir='ltr'><strong>regem3</strong></span> 
     </span>
     <span class='ocr_line' id='line_1_18' title="bbox 198 2086 1250 2166; baseline -0.001 -18"><span class='ocrx_word' id='word_1_125' title='bbox 198 2094 295 2149; x_wconf 74' lang='lat' dir='ltr'><strong>nemo</strong></span> <span class='ocrx_word' id='word_1_126' title='bbox 311 2088 399 2149; x_wconf 90' lang='lat' dir='ltr'><strong>enim</strong></span> <span class='ocrx_word' id='word_1_127' title='bbox 417 2087 487 2150; x_wconf 92' lang='lat' dir='ltr'><strong>sine</strong></span> <span class='ocrx_word' id='word_1_128' title='bbox 508 2088 570 2151; x_wconf 80' lang='lat' dir='ltr'><strong>hoc</strong></span> <span class='ocrx_word' id='word_1_129' title='bbox 595 2087 788 2150; x_wconf 82' lang='lat' dir='ltr'>admittitur.</span> <span class='ocrx_word' id='word_1_130' title='bbox 838 2088 913 2150; x_wconf 78' lang='lat' dir='ltr'><strong>Hoc</strong></span> <span class='ocrx_word' id='word_1_131' title='bbox 937 2097 965 2149; x_wconf 80' lang='lat' dir='ltr'><strong>si</strong></span> <span class='ocrx_word' id='word_1_132' title='bbox 987 2086 1046 2149; x_wconf 91' lang='lat' dir='ltr'>tibi</span> <span class='ocrx_word' id='word_1_133' title='bbox 1069 2105 1171 2166; x_wconf 87' lang='lat' dir='ltr'><strong>grave</strong></span> <span class='ocrx_word' id='word_1_134' title='bbox 1190 2094 1250 2159; x_wconf 90' lang='lat' dir='ltr'><strong>est,</strong></span> 
     </span>
     <span class='ocr_line' id='line_1_19' title="bbox 147 2197 1250 2280; baseline 0.001 -22"><span class='ocrx_word' id='word_1_135' title='bbox 147 2224 176 2276; x_wconf 85' lang='lat'><strong>15</strong></span> <span class='ocrx_word' id='word_1_136' title='bbox 198 2219 257 2280; x_wconf 90' lang='lat' dir='ltr'><strong>per</strong></span> <span class='ocrx_word' id='word_1_137' title='bbox 288 2208 339 2262; x_wconf 76' lang='lat' dir='ltr'><strong>me</strong></span> <span class='ocrx_word' id='word_1_138' title='bbox 377 2199 480 2262; x_wconf 76' lang='lat' dir='ltr'>nihilo</span> <span class='ocrx_word' id='word_1_139' title='bbox 518 2201 620 2263; x_wconf 76' lang='lat' dir='ltr'><strong>setius</strong></span> <span class='ocrx_word' id='word_1_140' title='bbox 652 2200 749 2262; x_wconf 75' lang='lat' dir='ltr'><strong>editis</strong></span> <span class='ocrx_word' id='word_1_141' title='bbox 780 2199 946 2262; x_wconf 77' lang='lat' dir='ltr'><strong>mandatis</strong></span> <span class='ocrx_word' id='word_1_142' title='bbox 977 2199 1132 2262; x_wconf 76' lang='lat' dir='ltr'><strong>conficies</strong></span> <span class='ocrx_word' id='word_1_143' title='bbox 1162 2197 1250 2279; x_wconf 94' lang='lat' dir='ltr'>quod</span> 
     </span>
     <span class='ocr_line' id='line_1_20' title="bbox 197 2310 1252 2395; baseline -0.002 -21"><span class='ocrx_word' id='word_1_144' title='bbox 197 2312 341 2375; x_wconf 76' lang='lat' dir='ltr'><strong>studes.&#39;’</strong></span> <span class='ocrx_word' id='word_1_145' title='bbox 389 2314 476 2375; x_wconf 91' lang='lat' dir='ltr'><strong>Tum</strong></span> <span class='ocrx_word' id='word_1_146' title='bbox 505 2313 632 2387; x_wconf 78' lang='lat' dir='ltr'>Conon,</span> <span class='ocrx_word' id='word_1_147' title='bbox 663 2312 780 2374; x_wconf 88' lang='lat' dir='ltr'>“Mihi</span> <span class='ocrx_word' id='word_1_148' title='bbox 806 2312 915 2386; x_wconf 77' lang='lat' dir='ltr'><strong>ver6,’&#39;</strong></span> <span class='ocrx_word' id='word_1_149' title='bbox 935 2310 1052 2395; x_wconf 92' lang='lat' dir='ltr'>inquit,</span> <span class='ocrx_word' id='word_1_150' title='bbox 1078 2315 1174 2373; x_wconf 77' lang='lat' dir='ltr'>“non</span> <span class='ocrx_word' id='word_1_151' title='bbox 1200 2319 1252 2373; x_wconf 91' lang='lat' dir='ltr'><strong>est</strong></span> 
     </span>
     <span class='ocr_line' id='line_1_21' title="bbox 196 2420 1251 2510; baseline -0.002 -24"><span class='ocrx_word' id='word_1_152' title='bbox 196 2445 304 2510; x_wconf 38' lang='lat' dir='ltr'><strong>grave·</strong></span> <span class='ocrx_word' id='word_1_153' title='bbox 329 2434 480 2507; x_wconf 82' lang='lat' dir='ltr'><strong>quemvis</strong></span> <span class='ocrx_word' id='word_1_154' title='bbox 512 2426 671 2488; x_wconf 81' lang='lat' dir='ltr'>honorem</span> <span class='ocrx_word' id='word_1_155' title='bbox 704 2425 826 2487; x_wconf 77' lang='lat' dir='ltr'><strong>habere</strong></span> <span class='ocrx_word' id='word_1_156' title='bbox 857 2432 935 2506; x_wconf 79' lang='lat' dir='ltr'><strong>regi,</strong></span> <span class='ocrx_word' id='word_1_157' title='bbox 969 2420 1028 2487; x_wconf 91' lang='lat' dir='ltr'><strong>sed</strong></span> <span class='ocrx_word' id='word_1_158' title='bbox 1058 2443 1174 2487; x_wconf 91' lang='lat' dir='ltr'><strong>vereor</strong></span> <span class='ocrx_word' id='word_1_159' title='bbox 1209 2429 1251 2485; x_wconf 79' lang='lat' dir='ltr'><strong>ne</strong></span> 
     </span>
     <span class='ocr_line' id='line_1_22' title="bbox 196 2535 1268 2619; baseline -0.003 -20"><span class='ocrx_word' id='word_1_160' title='bbox 196 2537 321 2599; x_wconf 74' lang='lat' dir='ltr'>civitati</span> <span class='ocrx_word' id='word_1_161' title='bbox 343 2558 436 2600; x_wconf 90' lang='lat' dir='ltr'><strong>meae</strong></span> <span class='ocrx_word' id='word_1_162' title='bbox 454 2539 495 2600; x_wconf 91' lang='lat' dir='ltr'><strong>sit</strong></span> <span class='ocrx_word' id='word_1_163' title='bbox 511 2537 700 2619; x_wconf 83' lang='lat' dir='ltr'><strong>opprobrio,</strong></span> <span class='ocrx_word' id='word_1_164' title='bbox 721 2546 750 2600; x_wconf 79' lang='lat' dir='ltr'><strong>si</strong></span> <span class='ocrx_word' id='word_1_165' title='bbox 767 2557 842 2601; x_wconf 93' lang='lat' dir='ltr'><strong>cum</strong></span> <span class='ocrx_word' id='word_1_166' title='bbox 866 2556 906 2600; x_wconf 88' lang='lat' dir='ltr'><strong>ex</strong></span> <span class='ocrx_word' id='word_1_167' title='bbox 929 2543 968 2599; x_wconf 80' lang='lat' dir='ltr'><strong>ea</strong></span> <span class='ocrx_word' id='word_1_168' title='bbox 991 2536 1054 2599; x_wconf 93' lang='lat' dir='ltr'><strong>sim</strong></span> <span class='ocrx_word' id='word_1_169' title='bbox 1082 2535 1268 2618; x_wconf 77' lang='lat' dir='ltr'><strong>profectus·</strong></span> 
     </span>
     <span class='ocr_line' id='line_1_23' title="bbox 197 2643 1252 2730; baseline -0.003 -19"><span class='ocrx_word' id='word_1_170' title='bbox 197 2669 282 2730; x_wconf 93' lang='lat' dir='ltr'><strong>quae</strong></span> <span class='ocrx_word' id='word_1_171' title='bbox 305 2658 423 2712; x_wconf 78' lang='lat' dir='ltr'><strong>ceteris</strong></span> <span class='ocrx_word' id='word_1_172' title='bbox 444 2650 600 2730; x_wconf 86' lang='lat' dir='ltr'><strong>gentibus</strong></span> <span class='ocrx_word' id='word_1_173' title='bbox 622 2650 786 2730; x_wconf 73' lang='lat' dir='ltr'><strong>imperare</strong></span> <span class='ocrx_word' id='word_1_174' title='bbox 810 2648 986 2725; x_wconf 77' lang='lat' dir='ltr'><strong>consuerit,</strong></span> <span class='ocrx_word' id='word_1_175' title='bbox 1005 2643 1115 2730; x_wconf 89' lang='lat' dir='ltr'><strong>potius</strong></span> <span class='ocrx_word' id='word_1_176' title='bbox 1137 2646 1252 2711; x_wconf 90' lang='lat' dir='ltr'><strong>barba-</strong></span> 
     </span>
     <span class='ocr_line' id='line_1_24' title="bbox 144 2759 1251 2845; baseline -0.006 -17"><span class='ocrx_word' id='word_1_177' title='bbox 144 2793 175 2828; x_wconf 88' lang='lat'><strong>20</strong></span> <span class='ocrx_word' id='word_1_178' title='bbox 196 2769 306 2823; x_wconf 81' lang='lat' dir='ltr'><strong>rorum</strong></span> <span class='ocrx_word' id='word_1_179' title='bbox 323 2782 422 2843; x_wconf 91' lang='lat' dir='ltr'><strong>quam</strong></span> <span class='ocrx_word' id='word_1_180' title='bbox 439 2763 526 2824; x_wconf 79' lang='lat' dir='ltr'>illius</span> <span class='ocrx_word' id='word_1_181' title='bbox 545 2771 635 2825; x_wconf 80' lang='lat' dir='ltr'><strong>more</strong></span> <span class='ocrx_word' id='word_1_182' title='bbox 659 2762 813 2843; x_wconf 83' lang='lat' dir='ltr'><strong>fungar.&#39;&#39;</strong></span> <span class='ocrx_word' id='word_1_183' title='bbox 863 2763 981 2845; x_wconf 89' lang='lat' dir='ltr'><strong>Itaque</strong></span> <span class='ocrx_word' id='word_1_184' title='bbox 1008 2780 1093 2843; x_wconf 89' lang='lat' dir='ltr'><strong>quae</strong></span> <span class='ocrx_word' id='word_1_185' title='bbox 1118 2759 1251 2823; x_wconf 73' lang='lat' dir='ltr'><strong>volebat</strong></span> 
     </span>
     <span class='ocr_line' id='line_1_25' title="bbox 197 2873 570 2955; baseline 0.005 -20"><span class='ocrx_word' id='word_1_186' title='bbox 197 2873 273 2936; x_wconf 86' lang='lat' dir='ltr'>huic</span> <span class='ocrx_word' id='word_1_187' title='bbox 290 2883 413 2955; x_wconf 82' lang='lat' dir='ltr'><strong>scripta</strong></span> <span class='ocrx_word' id='word_1_188' title='bbox 428 2874 570 2937; x_wconf 80' lang='lat' dir='ltr'><strong>tradidit.</strong></span> 
     </span>
    </p>
   </div>
   <div class='ocr_carea' id='block_1_3' title="bbox 196 3122 1254 3261">
    <p class='ocr_par' dir='ltr' id='par_1_3' title="bbox 196 3122 1254 3261">
     <span class='ocr_line' id='line_1_26' title="bbox 196 3122 1254 3184; baseline -0.002 -14"><span class='ocrx_word' id='word_1_189' title='bbox 196 3122 248 3170; x_wconf 77' lang='lat' dir='ltr'><strong>The</strong></span> <span class='ocrx_word' id='word_1_190' title='bbox 269 3123 330 3184; x_wconf 82' lang='lat' dir='ltr'>king</span> <span class='ocrx_word' id='word_1_191' title='bbox 350 3126 523 3173; x_wconf 71' lang='lat' dir='ltr'><strong>commissione</strong></span> <span class='ocrx_word' id='word_1_192' title='bbox 544 3125 624 3173; x_wconf 78' lang='lat' dir='ltr'>Conon</span> <span class='ocrx_word' id='word_1_193' title='bbox 641 3129 669 3174; x_wconf 90' lang='lat' dir='ltr'><strong>to</strong></span> <span class='ocrx_word' id='word_1_194' title='bbox 689 3126 756 3173; x_wconf 76' lang='lat' dir='ltr'><strong>raiae</strong></span> <span class='ocrx_word' id='word_1_195' title='bbox 776 3137 792 3171; x_wconf 82' lang='lat' dir='ltr'><strong>a</strong></span> <span class='ocrx_word' id='word_1_196' title='bbox 810 3124 871 3172; x_wconf 71' lang='lat' dir='ltr'><strong>fleat</strong></span> <span class='ocrx_word' id='word_1_197' title='bbox 891 3126 940 3171; x_wconf 81' lang='lat' dir='ltr'><strong>and</strong></span> <span class='ocrx_word' id='word_1_198' title='bbox 959 3125 1050 3173; x_wconf 79' lang='lat' dir='ltr'><strong>attaok</strong></span> <span class='ocrx_word' id='word_1_199' title='bbox 1069 3125 1114 3171; x_wconf 85' lang='lat' dir='ltr'><strong>the</strong></span> <span class='ocrx_word' id='word_1_200' title='bbox 1131 3122 1254 3169; x_wconf 66' lang='lat' dir='ltr'><strong>Lacedae·</strong></span> 
     </span>
     <span class='ocr_line' id='line_1_27' title="bbox 351 3199 1021 3261; baseline -0.001 -14"><span class='ocrx_word' id='word_1_201' title='bbox 351 3208 356 3216; x_wconf 85' lang='lat'>·</span> <span class='ocrx_word' id='word_1_202' title='bbox 434 3201 556 3259; x_wconf 85' lang='lat' dir='ltr'><strong>monians,</strong></span> <span class='ocrx_word' id='word_1_203' title='bbox 577 3202 660 3248; x_wconf 82' lang='lat' dir='ltr'><strong>whom</strong></span> <span class='ocrx_word' id='word_1_204' title='bbox 680 3203 712 3248; x_wconf 86' lang='lat' dir='ltr'><strong>he</strong></span> <span class='ocrx_word' id='word_1_205' title='bbox 731 3213 851 3261; x_wconf 85' lang='lat' dir='ltr'><strong>oonquers</strong></span> <span class='ocrx_word' id='word_1_206' title='bbox 871 3203 900 3248; x_wconf 78' lang='lat' dir='ltr'><strong>at</strong></span> <span class='ocrx_word' id='word_1_207' title='bbox 920 3199 1021 3247; x_wconf 77' lang='lat' dir='ltr'><strong>Cnidus.</strong></span> 
     </span>
    </p>
   </div>
   <div class='ocr_carea' id='block_1_4' title="bbox 147 3326 1257 3748">
    <p class='ocr_par' dir='ltr' id='par_1_4' title="bbox 197 3326 1257 3635">
     <span class='ocr_line' id='line_1_28' title="bbox 243 3326 1253 3410; baseline -0.002 -21"><span class='ocrx_word' id='word_1_208' title='bbox 243 3328 301 3390; x_wconf 88' lang='lat' dir='ltr'><strong>IV.</strong></span> <span class='ocrx_word' id='word_1_209' title='bbox 335 3327 466 3410; x_wconf 82' lang='lat' dir='ltr'>Quibus</span> <span class='ocrx_word' id='word_1_210' title='bbox 478 3329 620 3409; x_wconf 76' lang='lat' dir='ltr'><strong>cognitis</strong></span> <span class='ocrx_word' id='word_1_211' title='bbox 633 3336 690 3391; x_wconf 79' lang='lat' dir='ltr'><strong>rex</strong></span> <span class='ocrx_word' id='word_1_212' title='bbox 704 3339 833 3391; x_wconf 87' lang='lat' dir='ltr'><strong>tantum</strong></span> <span class='ocrx_word' id='word_1_213' title='bbox 847 3328 1043 3391; x_wconf 75' lang='lat' dir='ltr'><strong>auctoritate</strong></span> <span class='ocrx_word' id='word_1_214' title='bbox 1057 3326 1126 3389; x_wconf 72' lang='lat' dir='ltr'><strong>eius</strong></span> <span class='ocrx_word' id='word_1_215' title='bbox 1143 3333 1253 3388; x_wconf 77' lang='lat' dir='ltr'><strong>motus</strong></span> 
     </span>
     <span class='ocr_line' id='line_1_29' title="bbox 197 3439 1254 3521; baseline -0.003 -18"><span class='ocrx_word' id='word_1_216' title='bbox 197 3449 248 3503; x_wconf 91' lang='lat' dir='ltr'><strong>est</strong></span> <span class='ocrx_word' id='word_1_217' title='bbox 264 3450 301 3502; x_wconf 91' lang='lat' dir='ltr'><strong>ut</strong></span> <span class='ocrx_word' id='word_1_218' title='bbox 322 3450 355 3503; x_wconf 91' lang='lat' dir='ltr'><strong>et</strong></span> <span class='ocrx_word' id='word_1_219' title='bbox 372 3439 633 3521; x_wconf 85' lang='lat' dir='ltr'><strong>Tissaphernem</strong></span> <span class='ocrx_word' id='word_1_220' title='bbox 652 3442 781 3504; x_wconf 90' lang='lat' dir='ltr'><strong>hostem</strong></span> <span class='ocrx_word' id='word_1_221' title='bbox 802 3440 963 3516; x_wconf 80' lang='lat' dir='ltr'><strong>iudicarit,</strong></span> <span class='ocrx_word' id='word_1_222' title='bbox 978 3450 1010 3503; x_wconf 91' lang='lat' dir='ltr'><strong>et</strong></span> <span class='ocrx_word' id='word_1_223' title='bbox 1032 3439 1254 3502; x_wconf 86' lang='lat' dir='ltr'><strong>Lacedaemo-</strong></span> 
     </span>
     <span class='ocr_line' id='line_1_30' title="bbox 198 3549 1257 3635; baseline -0.002 -21"><span class='ocrx_word' id='word_1_224' title='bbox 198 3554 271 3615; x_wconf 80' lang='lat' dir='ltr'><strong>nios</strong></span> <span class='ocrx_word' id='word_1_225' title='bbox 290 3552 378 3615; x_wconf 77' lang='lat' dir='ltr'><strong>bello</strong></span> <span class='ocrx_word' id='word_1_226' title='bbox 400 3563 556 3635; x_wconf 82' lang='lat' dir='ltr'><strong>persequi</strong></span> <span class='ocrx_word' id='word_1_227' title='bbox 574 3553 715 3629; x_wconf 86' lang='lat' dir='ltr'><strong>iusserit,</strong></span> <span class='ocrx_word' id='word_1_228' title='bbox 730 3563 762 3616; x_wconf 92' lang='lat' dir='ltr'><strong>et</strong></span> <span class='ocrx_word' id='word_1_229' title='bbox 783 3563 813 3616; x_wconf 86' lang='lat' dir='ltr'><strong>ei</strong></span> <span class='ocrx_word' id='word_1_230' title='bbox 835 3552 1022 3635; x_wconf 83' lang='lat' dir='ltr'><strong>permiserit</strong></span> <span class='ocrx_word' id='word_1_231' title='bbox 1038 3572 1137 3634; x_wconf 93' lang='lat' dir='ltr'><strong>quem</strong></span> <span class='ocrx_word' id='word_1_232' title='bbox 1154 3549 1257 3613; x_wconf 43' lang='lat' dir='ltr'><strong>vellet*</strong></span> 
     </span>
    </p>

    <p class='ocr_par' dir='ltr' id='par_1_5' title="bbox 147 3663 1254 3748">
     <span class='ocr_line' id='line_1_31' title="bbox 147 3663 1254 3748; baseline 0 -24"><span class='ocrx_word' id='word_1_233' title='bbox 147 3689 177 3741; x_wconf 85' lang='lat'><strong>25</strong></span> <span class='ocrx_word' id='word_1_234' title='bbox 198 3665 321 3748; x_wconf 77' lang='lat' dir='ltr'><strong>eligere</strong></span> <span class='ocrx_word' id='word_1_235' title='bbox 338 3666 380 3728; x_wconf 90' lang='lat' dir='ltr'><strong>ad</strong></span> <span class='ocrx_word' id='word_1_236' title='bbox 393 3666 652 3747; x_wconf 76' lang='lat' dir='ltr'><strong>dispensandam</strong></span> <span class='ocrx_word' id='word_1_237' title='bbox 667 3666 851 3746; x_wconf 81' lang='lat' dir='ltr'><strong>pecuniam.</strong></span> <span class='ocrx_word' id='word_1_238' title='bbox 895 3665 933 3726; x_wconf 93' lang='lat' dir='ltr'><strong>Id</strong></span> <span class='ocrx_word' id='word_1_239' title='bbox 951 3663 1121 3726; x_wconf 88' lang='lat' dir='ltr'><strong>arbitrium</strong></span> <span class='ocrx_word' id='word_1_240' title='bbox 1136 3664 1254 3726; x_wconf 80' lang='lat' dir='ltr'>Conon</span> 
     </span>
    </p>
   </div>
   <div class='ocr_carea' id='block_1_5' title="bbox 0 0 1400 4142">
    <p class='ocr_par' dir='ltr' id='par_1_6' title="bbox 0 0 1400 4142">
     <span class='ocr_line' id='line_1_32' title="bbox 0 0 1400 4142; baseline 0 1"><span class='ocrx_word' id='word_1_241' title='bbox 0 0 1400 4142; x_wconf 95' lang='lat' dir='ltr'><strong> </strong></span> 
     </span>
    </p>
   </div>
   <div class='ocr_carea' id='block_1_6' title="bbox 1395 389 1397 896">
    <p class='ocr_par' dir='ltr' id='par_1_7' title="bbox 1395 389 1397 896">
     <span class='ocr_line' id='line_1_33' title="bbox 1395 389 1397 896; baseline 0 0"><span class='ocrx_word' id='word_1_242' title='bbox 1395 389 1397 896; x_wconf 95' lang='lat' dir='ltr'><strong> </strong></span> 
     </span>
    </p>
   </div>
  </div>
 </body>
</html>
