2792 4142
198 190 244 281 76
530 201 764 261 conuumus
796 168 926 260 Nepos

197 387 296 448 celeri
316 393 446 449 rumere
470 388 572 449 dilntr'r
589 387 691 449 Di6ni
706 386 773 449 vim
792 387 948 461 adlssatam,
967 387 1062 450 multi
1082 407 1255 451 concurre-

197 509 271 561 rant
287 499 406 581 quibus
422 500 487 561 tale
504 499 634 561 facinus
651 499 855 580 displicebat.
907 501 935 562 Ii
956 499 1041 561 falsi
1065 499 1254 581 suspicifine

197 612 287 675 ducti
302 611 506 675 immerentis
519 622 555 674 ut
571 613 749 675 sceleratius
761 612 924 675 occidunt.
968 613 1079 674 Huius
1092 612 1133 675 de
1146 622 1253 676 morte

196 734 233 788 ut
258 724 368 806 palam
393 725 519 787 iactum
545 734 604 800 est,
631 724 825 787 mirabiliter
852 725 944 806 vulgi
971 732 1100 788 mutata
1124 735 1176 787 est
1199 747 1254 788 vo-

145 853 158 905 5
197 839 314 900 luntas.
379 838 466 899 Nam
500 847 558 919 qui
588 847 699 899 vivum
735 857 811 899 eum
845 846 1024 921 tyrannum
1054 837 1251 912 vociterant,

195 951 283 1013 idem
308 952 516 1013 liberiterem
540 949 667 1031 patriae
697 959 896 1033 tyrannique
924 949 1134 1031 expulsbrem
1159 970 1254 1031 prae-

195 1063 359 1126 dicabant.
420 1063 474 1127 Sic
506 1062 615 1125 subite
638 1061 863 1125 misericordia
887 1061 963 1124 odis>
986 1072 1191 1125 successerat
1215 1073 1252 1125 ut

195 1196 270 1238 eum
297 1184 358 1238 sur')
382 1175 545 1255 sanguine
570 1175 612 1238 ab
635 1174 841 1250 Acherunte,
867 1184 895 1236 si
918 1183 1064 1255 possent,
1089 1184 1252 1256 cuperent

195 1289 365 1352 redimere.
416 1290 534 1370 Itaque
555 1288 588 1349 in
610 1287 691 1350 urbe
713 1286 928 1350 celeberrime
953 1286 1034 1361 locs),
1061 1287 1168 1349 elatus
1193 1295 1252 1368 pu-

144 1421 174 1456 10
195 1402 288 1477 blice,
307 1401 451 1484 sepulcri
466 1407 683 1463 monument&
700 1399 842 1462 denatus
858 1409 917 1462 est.
967 1400 1065 1462 Diem
1090 1399 1170 1461 obiit
1193 1400 1252 1462 cir-

195 1515 276 1577 citer
301 1522 406 1575 ann6s
434 1511 676 1595 quinquaginta
704 1518 811 1587 nitus,
840 1522 995 1594 quartum
1023 1521 1100 1593 post
1125 1531 1251 1575 annum
1357 1572 1361 1577 .

195 1646 295 1709 quam
319 1646 359 1688 ex
384 1626 613 1707 Peloponnesi)
636 1626 669 1686 in
695 1624 839 1688 Siciliam
863 1624 1015 1687 redierat.

654 1920 793 1947 —-000—-

558 2159 891 2232 IPHICRATES

238 2370 379 2430 Iphicrates
394 2370 483 2414 makes
498 2367 636 2426 important
651 2367 762 2425 changes
778 2365 804 2411 in
819 2366 864 2411 the
879 2364 1024 2424 eqnipment
1039 2362 1066 2411 of
1079 2363 1200 2423 infantry.

794 2527 817 2588 1.
862 2511 1049 2607 Iphicrates
1109 2525 1248 2587 Atheni.

514 2718 531 2728 ,.
748 2638 836 2700 ensis
854 2645 920 2699 nnn
936 2648 1004 2700 tam
1018 2636 1248 2719 magnitudine

460 2760 477 2769 “
517 2727 526 2739 Η
561 2729 581 2756 '²
669 2790 672 2792 -
747 2757 1045 2830 rerumgestarum
1068 2750 1249 2831 quamdis-

747 2862 870 2944 ciplina
895 2863 1027 2924 militari
1056 2861 1247 2924 nebilitatus

747 2986 807 3038 est.
857 2975 934 3037 Fuit
962 2975 1050 3038 enim
1081 2975 1156 3037 talis
1181 2973 1249 3035 dux

748 3098 784 3150 ut
806 3095 873 3150 nen
895 3088 1003 3150 selum
1025 3086 1143 3150 aetssatis
1167 3077 1247 3149 suae

399 3036 513 3070 PELTAST

193 3220 268 3262 cum
300 3209 414 3281 primis
449 3206 706 3280 compararetur,
732 3200 792 3262 sed
822 3207 865 3262 ne
895 3200 937 3262 de
964 3198 1143 3261 maieribus
1166 3206 1246 3261 netu

140 3335 172 3370 20
193 3312 326 3394 quidem
344 3312 518 3394 quisquam
532 3318 802 3392 ‚antepeneretun
852 3313 997 3374 Multum
1017 3319 1095 3374 verr')
1110 3312 1144 3373 in
1161 3311 1250 3373 belle

35 3416 58 3513 0
193 3435 243 3488 est
264 3431 424 3499 versatus,
449 3444 548 3505 saepe
572 3424 771 3486 exercitibus
788 3424 942 3506 praefuit,
961 3444 1125 3506 nusquam
1149 3423 1249 3504 culpa

193 3538 279 3599 male
310 3556 380 3599 rem
411 3535 524 3617 gessit,
554 3555 687 3616 semper
717 3536 854 3598 consilii>
880 3537 959 3599 vicit
986 3546 1181 3616 tantumque
1210 3541 1250 3596 εδ

192 3651 296 3713 valuit
327 3658 363 3711 ut
394 3649 497 3710 multa
528 3648 562 3709 in
594 3654 629 3709 re
660 3649 793 3711 militari
823 3648 943 3730 partim
975 3668 1062 3711 nova
1093 3647 1249 3723 attulerit,
