2792 4142
189 200 251 267 106
509 208 746 267 CORNELIUS
777 209 907 267 NEPOS

179 389 314 471 regibus
341 411 380 454 ac
410 392 560 476 dynastis
592 391 846 475 civitatibusque
876 394 1117 471 conferrentur,
1145 397 1233 478 quod

179 500 262 565 nihil
277 522 435 585 umquam
452 504 588 567 domum
605 525 698 567 suam
715 505 863 580 contulit,
881 505 961 567 nihil
978 506 1020 568 de
1035 514 1135 582 victu,
1152 508 1233 570 nihil

179 615 220 678 de
245 623 365 679 vestitu
395 617 567 680 Laconum
592 617 742 680 mutivit.
792 617 903 679 Domo
929 618 1045 680 eidem
1071 618 1134 682 fuit
1159 639 1233 682 con-

178 736 291 790 tentus
319 735 384 810 quet
413 729 652 813 EurystheneS,
679 728 873 810 progenitor
900 729 1061 792 mitiorum
1086 738 1230 807 suorum,

142 858 155 911 s
178 839 288 904 fuerat
312 848 410 918 usus3
438 861 538 924 quam
558 852 615 924 qui
633 840 772 904 intre'trat
787 842 915 903 nullum
935 851 1068 921 signum
1084 843 1232 907 luxuriae

178 952 290 1016 videre
313 963 453 1035 poterat,
478 960 595 1016 contri
618 973 657 1016 ea
681 953 825 1033 plurima
851 953 1032 1035 patIentiae
1055 965 1155 1037 atque
1178 955 1232 1017 ab·

179 1178 357 1242 {cuiusvis
373 1178 481 1261 inopis
497 1188 597 1261 atque
613 1185 740 1260 privati.

195 1416 201 1427 ,
291 1386 336 1432 flio
352 1386 467 1445 personat
482 1396 646 1445 appearance,
663 1383 949 1446 contempturum,
965 1387 1014 1432 and
1029 1386 1114 1433 death.

219 1539 320 1602 VIII.
352 1539 467 1621 Atque
484 1540 537 1602 hic
553 1548 667 1601 tantus
682 1538 733 1601 vir
749 1548 785 1601 ut
803 1545 957 1601 naturam
978 1539 1153 1602 fautricem
1175 1540 1231 1602 ha·

126 1672 156 1708 10
177 1651 294 1714 buerat
326 1651 360 1713 in
394 1650 579 1714 tribuendis
614 1650 716 1713 animi
749 1650 935 1726 virtutihus,
964 1661 1010 1713 sic
1044 1652 1229 1715 maleficam

176 1772 294 1826 nactus
322 1772 373 1825 est
395 1762 428 1826 in
452 1783 591 1845 corpore
623 1763 788 1844 fingendo.
841 1763 928 1825 Nam
960 1773 993 1827 et
1016 1771 1143 1827 staturi
1165 1764 1230 1829 fuit

176 1876 293 1938 humili
307 1884 340 1938 et
359 1896 496 1957 corpore
517 1875 638 1957 exiguo
657 1885 690 1939 et
712 1876 850 1939 claudus
870 1876 973 1939 altero
992 1876 1085 1957 pede.
1133 1876 1229 1959 Quae

174 1996 228 2051 res
240 1988 339 2052 etiam
353 1988 547 2063 nonnullam
560 1988 733 2052 adferebat
745 1988 999 2064 deformitfitem,
1013 1998 1113 2071 atque
1124 1997 1230 2069 ignoti

176 2101 296 2164 facIem
317 2102 387 2163 eius
406 2121 481 2164 curn
503 2101 720 2177 intuerentur,
741 2101 1017 2177 contemnebant3
1042 2111 1100 2183 qui
1117 2112 1228 2165 autern

125 2225 154 2280 ¹5
175 2214 313 2277 virtutes
329 2221 498 2290 noverant,
516 2222 583 2276 non
602 2223 757 2297 poterant
775 2215 930 2276 admiruri
948 2213 1036 2276 satis.
1084 2214 1182 2296 Quod
1198 2224 1230 2276 ei

177 2333 237 2389 usu
265 2326 357 2390 venit
382 2347 457 2390 curn
485 2334 647 2389 annorum
679 2326 848 2408 octoginti
879 2326 1026 2389 subsidio
1052 2327 1168 2389 Tacho
1182 2326 1228 2397 in

175 2439 371 2523 Aegyptum
391 2440 511 2502 missus
530 2448 619 2502 esset
637 2449 669 2502 et
690 2439 724 2501 in
745 2445 818 2502 acti
837 2459 913 2502 cum
933 2449 1001 2502 suis
1020 2438 1229 2502 accubuisset

175 2553 246 2615 SIne
272 2553 339 2614 ullo
363 2559 460 2626 tecto,
486 2557 692 2633 stritumque
718 2551 856 2614 haberet
879 2551 945 2615 tole
969 2561 1006 2614 ut
1029 2562 1116 2615 terra
1140 2559 1229 2614 tecta

174 2674 263 2727 esset
290 2671 479 2728 stromentis
502 2685 611 2746 neque
637 2665 702 2727 huc
727 2664 870 2746 amplius
895 2685 995 2747 quam
1020 2663 1116 2745 pellis
1140 2673 1229 2727 esset

216 2859 236 2896 1.
248 2847 387 2909 dynastis
398 2865 403 2895 t
412 2847 523 2910 princes.
531 2874 565 2882 —
573 2846 669 2909 quod:
684 2844 749 2908 conj.
755 2865 762 2905 ;
779 2846 797 2895 it
806 2846 880 2895 looks
889 2846 954 2895 back
964 2854 991 2895 to
999 2845 1072 2895 illud.
1092 2859 1113 2895 2.
1123 2845 1227 2895 victu:

175 2947 287 2978 manner
302 2932 333 2995 os
346 2932 366 2978 li
378 2948 396 2979 c.
437 2942 458 2993 7.
475 2930 644 2978 instructa:
657 2929 806 2994 furnished.
842 2929 865 2978 8.
884 2929 1034 2979 cuiusvis:
1056 2944 1090 2978 sc.
1111 2929 1229 2978 domo.—

174 3013 291 3073 Inople:
304 3012 614 3075 pauperie—privati:
634 3011 755 3074 although
773 3011 805 3060 he
818 3027 868 3060 was
882 3027 898 3059 a
913 3011 981 3074 king.
1022 3024 1045 3072 9.
1063 3015 1115 3060 ut.
1129 3049 1134 3059 .
1147 3048 1153 3060 .
1166 3011 1226 3061 sic:

174 3096 299 3157 though..
313 3131 319 3143 .
329 3101 377 3156 yet.
385 3094 600 3144 -tautricem2
614 3094 717 3142 derived
729 3095 793 3143 from
798 3097 883 3160 saved.
916 3107 951 3142 ιο.
966 3094 1148 3143 maleficam:
1164 3095 1230 3142 mole

179 3186 203 3230 ψ
218 3178 309 3241 socia·
326 3191 361 3225 sc.
381 3193 444 3225 eam.
493 3188 529 3225 11.
544 3177 703 3238 lingendo:
720 3179 845 3242 forming.
891 3188 927 3224 12.
951 3176 1080 3238 exiguo:
1095 3182 1230 3239 parvo.—

175 3259 318 3308 claudus:
337 3260 410 3307 lame.
453 3271 490 3322 13.
513 3259 783 3324 ign6t1:5tr·nngers.
822 3258 999 3320 14la010m:
1019 3266 1230 3323 appearance.—

173 3342 376 3391 Intuerenturt
391 3344 565 3405 conspicerent.
600 3354 636 3406 15.
654 3341 745 3401 Quod
762 3378 768 3391 .
787 3378 793 3391 .
811 3379 817 3391 .
835 3342 935 3390 venlt:
953 3342 1011 3389 and
1023 3341 1078 3389 that
1093 3358 1146 3390 was
1162 3341 1230 3389 what

174 3425 306 3487 happened
314 3425 406 3473 tobim.
444 3425 480 3473 16.
499 3425 660 3473 annfimm:
679 3425 756 3473 attha
767 3441 810 3489 nge
821 3426 853 3489 os
890 3436 925 3487 17.
945 3426 1033 3473 acta:
1052 3425 1179 3472 sea-shore
1195 3451 1228 3460 —

174 3507 388 3557 accubuisset:
423 3508 478 3555 had
504 3509 560 3555 lain
593 3507 673 3555 dnon.
734 3506 770 3555 18.
801 3509 948 3556 atratum
977 3506 1059 3554 conch.
1097 3519 1134 3567 19.
1151 3508 1228 3554 etra-
1286 3516 1290 3527 ·

175 3590 302 3639 mentite:
317 3598 405 3647 straw3
422 3589 472 3638 this
483 3591 533 3637 and
545 3594 654 3637 slrdtum
666 3604 710 3636 are
719 3588 822 3636 derived
835 3588 899 3636 from
914 3593 1005 3647 sterno,
1019 3596 1100 3638 strew.
1109 3588 1226 3638 —ht'tot

175 3688 207 3724 on
219 3673 275 3722 nis.
285 3700 316 3708 —
326 3672 414 3739 pellis
425 3691 430 3721 :
448 3672 516 3724 skin.
