2792 4142
602 182 840 257 Ancr'nmnus
1198 206 1242 280 57

192 386 316 448 factum
339 393 390 448 est
411 394 448 447 ut
469 383 600 447 absenti
622 384 851 465 magistratum
874 384 1075 466 abrogarent
1094 394 1127 447 et
1143 382 1244 445 alium

192 498 224 561 in
245 498 314 560 eius
337 499 445 561 locum
468 497 715 560 substituerent.
764 497 806 559 Id
824 496 879 560 ille
901 507 937 561 ut
959 497 1091 573 audivit,
1109 497 1244 560 domum

191 619 313 674 reverti
327 610 431 673 naluit
452 619 487 672 et
507 616 543 672 se
565 610 712 694 Pactyen
733 609 873 673 contulit
893 609 1004 693 ibique
1025 611 1088 672 tria
1108 610 1245 673 castella

191 722 393 803 communiit,
408 722 529 797 Omes,
546 723 740 799 Bizanthen,
756 722 1153 806 Neontichos,mani1que
1170 743 1245 786 con·

192 837 276 898 lecta
304 844 430 916 primus
462 835 611 898 Graecae
650 835 792 898 civitatis
832 836 866 897 in
899 836 1076 899 Thraciam
1108 835 1242 911 introiit,
1283 851 1296 902 5

191 947 365 1029 glariesius
403 947 595 1010 existimans
632 946 849 1010 barbararum
888 948 1013 1028 praeda
1051 948 1246 1031 locupletari

191 1080 290 1142 quam
319 1060 503 1123 Graiarum.
562 1059 638 1142 Qua
662 1079 703 1122 ex
726 1054 762 1122 re
785 1067 935 1124 creverat
959 1080 1034 1124 cum
1060 1062 1150 1123 fama
1173 1070 1243 1124 tum
1297 1126 1300 1127 a

191 1171 320 1255 opibus,
339 1179 562 1254 magnamque
579 1171 758 1235 amicitiam
779 1172 841 1235 sibi
857 1193 931 1236 cum
949 1173 1146 1256 quibusdam
1163 1173 1245 1256 regi-

191 1284 253 1348 bus
277 1284 441 1348 Thraciae
465 1254 656 1368 pepereiaif

1350 1152 1375 1195 ,Α

190 1514 226 1560 He
238 1513 352 1562 alterato
364 1514 434 1561 (ltine
448 1512 481 1561 oli
494 1525 521 1560 or
535 1513 606 1572 bring
622 1514 649 1559 to
664 1513 745 1558 terma
761 1512 898 1571 Lysander.
911 1513 969 1558 who
983 1512 1007 1558 is
1023 1512 1185 1573 threatening
1200 1514 1244 1560 the
1349 1566 1359 1581 s

492 1588 619 1635 Athentan
632 1586 693 1650 tleet
708 1589 738 1634 at
753 1587 940 1647 Aegospotami.
1341 1600 1348 1625 s

234 1734 335 1798 VIII.
370 1734 489 1816 Neque
516 1742 629 1796 tamen
657 1738 677 1795 a
704 1732 841 1795 caritate
868 1734 996 1813 patriae
1024 1734 1131 1814 potuit
1158 1741 1245 1796 rece·
1268 1749 1297 1784 10
1324 1640 1341 1795 A

191 1847 278 1910 dere.
327 1846 416 1908 Nam
432 1866 508 1909 cum
525 1846 615 1927 apud
637 1847 754 1926 Aegos
774 1845 899 1907 flumen
922 1845 1093 1921 Philocles
1112 1856 1245 1927 praetor

191 1959 460 2034 Atheniensium,
481 1959 620 2022 classem
645 1957 871 2021 canstituisset
894 1979 987 2021 suam
1013 1978 1121 2041 neque
1145 1959 1244 2040 longe

192 2073 325 2155 abesset
342 2073 526 2156 Lysander,
545 2081 677 2154 praetor
698 2072 1051 2147 Lacedaemonierum,
1069 2081 1124 2154 qui
1148 2071 1180 2133 in
1205 2080 1245 2134 ee
1310 2056 1337 2074 κ

191 2197 261 2251 erat
278 2193 459 2269 occupatus
475 2196 512 2249 ut
527 2185 651 2249 bellum
664 2183 891 2283 'quarn‘diutis
912 2184 976 2279 ime
992 2185 1033 2247 d·
1059 2194 1137 2258 eret,
1155 2185 1244 2267 quod

191 2299 271 2382 ipsis
296 2299 438 2383 pecunia
457 2305 476 2360 a
495 2305 575 2380 rege
594 2206 1014 2389 subbeditabatur,Quhfra
1033 2297 1245 2409 Atheniengj.
1268 2318 1296 2369 15

189 2413 449 2499 bus-exhaustis
475 2421 608 2495 praeter
632 2430 725 2474 arma
752 2394 787 2473 et
817 2416 910 2472 navis
934 2408 1016 2498 nihil
1039 2419 1110 2472 erat
1133 2404 1242 2490 super,

191 2526 384 2589 Alcibiades
415 2526 457 2589 ad
488 2526 669 2591 exercitum
710 2522 802 2587 venit
837 2522 1095 2586 Atheniensium
1134 2522 1244 2605 ibique

191 2630 368 2721 praesente
389 2639 490 2719 vulga
509 2594 609 2741 agere
629 2608 759 2718 coepit:
791 2646 819 2699 si
837 2635 970 2711 vellent,
993 2643 1029 2698 se
1052 2643 1243 2699 coaeterum

192 2753 402 2835 Lysandrum
441 2705 598 2823 dinirdar'e
637 2760 694 2813 aut
732 2757 850 2875 pacem
889 2758 1023 2830 petere;
1079 2749 1245 2812 Lacedae-

190 2865 317 2929 monies
351 2872 393 2928 ee
426 2865 513 2927 nelle
548 2865 653 2927 classe
688 2840 877 2943 cendigere,
910 2862 999 2944 quod
1034 2862 1244 2944 pedestribus
1267 2889 1297 2924 20

190 2979 292 3059 capiis
309 2978 385 3059 ples
397 2997 497 3060 quam
514 2977 653 3039 navibus
664 2977 832 3050 valerent;
853 2974 915 3038 sibi
932 2985 1043 3038 autem
1059 2994 1132 3038 esse
1146 2974 1244 3039 facile

192 3091 361 3166 Seuthem,
374 3097 488 3171 regem
505 3091 682 3165 Thracum,
702 3088 866 3152 adducere
883 3096 919 3150 ut
935 3107 1012 3151 eum
1029 3096 1117 3151 terra
1134 3089 1245 3170 depel-

190 3202 291 3277 leret;
316 3210 381 3285 que
404 3203 496 3264 iacta
519 3221 540 3261 n
563 3199 708 3263 cessarie
730 3209 787 3287 aut
807 3200 913 3287 >classe
936 3199 1165 3262 conflictarum
1188 3210 1245 3263 aut

191 3313 313 3377 bellum
342 3221 609 3395 composihiAim.
660 3312 700 3372 ld
725 3280 793 3373 'etsi
816 3318 894 3372 vere
926 3310 1050 3373 dictum
1083 3312 1244 3376 Philocles

192 3425 487 3501 animadvertebat,
519 3435 630 3487 tamen
665 3425 831 3505 postulata
863 3424 975 3485 facere
996 3424 1123 3513 naluit,
1156 3427 1245 3507 quod
1268 3452 1297 3504 25

193 3538 357 3602 sentiebat
385 3546 420 3601 se
447 3537 622 3600 Alcibiade
651 3544 785 3618 recepte
816 3537 938 3598 millius
970 3512 1129 3605 nianiehti
1156 3538 1244 3619 apud

194 3651 372 3717 exercitum
393 3650 543 3714 futurum
565 3658 606 3725 et,
625 3658 652 3711 si
673 3649 751 3733 quid
774 3647 911 3711 secundi
927 3650 1101 3724 evenisset,
1119 3649 1244 3711 niallam
