2792 4142
170 242 188 315 ς
194 222 214 291 6
496 235 730 293 CORNELIUS
761 234 889 292 NEPOS

167 424 266 481 antee
295 425 355 480 oso
381 425 517 482 venerat
552 418 615 481 nisi
646 419 827 503 Olympiae
862 417 1052 494 victoribus,
1089 426 1220 482 coronis

166 530 287 594 laureis
325 532 508 614 taeniisque
547 532 648 613 vulgo
685 530 880 594 donobotur.
939 531 1006 614 'Ille
1044 518 1220 594 lacrimen's

166 645 266 707 telem
300 643 566 707 benevolentiam
595 646 715 707 civium
739 652 873 706 suorum
899 642 1093 726 accipiebat,
1127 645 1220 747 senpi-

167 764 299 819 niscens
315 757 444 838 pristini
457 756 616 838 temporis
632 756 856 820 acerbitotem.
899 757 1077 840 Postquam
1094 758 1127 818 in
1145 730 1225 819 a‘std

89 860 133 953 Ἰ
166 869 266 945 venit,
291 869 444 933 contione
472 870 633 933 advocote
660 879 707 933 sic
733 869 835 932 verba
860 869 941 933 fecit
966 878 1002 932 ut
1028 876 1127 932 nemo
1151 879 1219 931 tam

126 1008 130 1019 ·
166 983 257 1045 ferus
277 983 378 1046 fuerit
394 992 474 1065 quin
495 984 564 1045 eius
584 962 676 1046 cesui
695 981 908 1045 inlacrimerit
924 981 1158 1065 inimicumque
1180 981 1218 1045 iis

127 1082 130 1093 ’
166 1102 202 1157 se
221 1096 403 1159 ostenderit
418 1103 559 1178 quorum
575 1101 677 1176 opero
693 1093 801 1176 patrio
817 1095 1067 1177 pulsus'luerat,
1079 1094 1218 1175 proinde

166 1228 204 1271 ac
230 1218 258 1271 si
283 1208 366 1272 alius
390 1209 542 1291 populus,
561 1216 627 1271 non
652 1208 707 1270 ille
738 1207 810 1289 ipse
838 1217 985 1290 quitum
1010 1206 1120 1281 flebat,
1140 1226 1216 1269 eum

166 1320 318 1403 sacrilegi
341 1322 541 1385 damnosset.
592 1321 761 1385 Restitota
785 1327 866 1402 ergo
887 1319 963 1383 huic
987 1319 1218 1400 suntpoblice

125 1456 144 1490 ο
164 1433 261 1510 bona,
290 1434 445 1516 ¹idemque
467 1434 515 1496 illi
538 1433 760 1516 Eumolpidae
783 1432 973 1496 sacerdotes
996 1438 1109 1494 torsus
1133 1444 1218 1494 resa·
1260 1470 1265 1479 -

165 1554 258 1610 crore
282 1555 359 1610 sunt
382 1554 490 1611 coecti
512 1556 570 1629 qui
589 1566 665 1610 eum
685 1547 899 1621 devoverant,
917 1545 1070 1626 pilaeque
1087 1543 1161 1606 illae
1183 1543 1216 1605 in

165 1659 284 1741 quibus
303 1660 435 1723 devotio
451 1660 560 1722 iuerat
577 1668 700 1741 scripta
720 1658 753 1721 in
773 1678 864 1721 mare
881 1655 1127 1740 praecipitotae.

228 1892 379 1939 Alcibiadeo’
396 1893 458 1952 good
472 1892 572 1963 fortune
587 1893 611 1940 is
627 1893 783 1940 short-lived
814 1892 850 1938 ne
865 1893 889 1939 is
907 1893 1015 1951 deposed
1031 1890 1095 1939 from
1113 1891 1154 1938 his

458 1969 593 2021 command.
610 1969 658 2014 and
673 1968 764 2017 retireo
779 1970 807 2014 to
822 1967 925 2014 Thrace.

207 2109 287 2170 Vll.
322 2109 417 2172 Haec
438 2109 605 2172 Alcibiadi
623 2109 748 2173 laetitia
767 2117 833 2173 non
852 2109 950 2173 nimis
969 2110 1033 2173 fuit
1048 2110 1212 2174 dioturna.

62 2158 352 2317 ffim
372 2232 402 2285 ei
423 2229 539 2285 omnes
562 2232 675 2286 essent
696 2222 839 2286 honores
862 2223 986 2286 decreti
1006 2231 1141 2306 totaque
1163 2231 1215 2287 res

19 2376 45 2413 κ
163 2334 297 2416 poblica
309 2335 399 2397 domi
413 2334 556 2417 bellique
572 2335 702 2412 trodita,
718 2345 754 2398 ut
770 2343 868 2399 onius
885 2335 1020 2399 arbitrio
1035 2343 1214 2418 gereretur,

116 2456 121 2467 ’
163 2457 196 2510 et
211 2447 283 2528 ipse
296 2448 496 2529 postulosset
513 2457 548 2510 ut
564 2448 629 2511 duo
642 2447 705 2513 sibi
718 2448 878 2530 conlegae
892 2449 1058 2524 darentur,
1072 2449 1216 2533 Thrasy-

163 2560 261 2623 bolus
282 2569 315 2623 et
334 2560 545 2636 Adimantus,
567 2542 675 2643 neque
702 2562 736 2624 id
759 2568 918 2643 negetum
940 2570 1037 2636 esset,
1055 2561 1215 2679 claspein

163 2672 281 2735 Asiam
299 2674 477 2753 proiectus,
495 2673 584 2755 quod
605 2674 693 2756 apud
715 2676 842 2758 Cymen
862 2674 972 2737 minus
992 2694 1032 2738 ex
1051 2632 1216 2737 serbentie

163 2805 231 2848 rem
254 2795 412 2866 gesserat,
437 2786 471 2847 in
496 2786 652 2849 invidiam
677 2787 807 2864 recidit;
831 2787 914 2850 nihil
937 2788 1024 2850 enim
1049 2806 1125 2850 eum
1149 2793 1215 2848 non

111 2922 142 2956 20
162 2897 294 2960 efficere
311 2918 409 2979 posse
429 2899 605 2963 docebant.
654 2902 705 2963 Ex
727 2909 793 2983 quo
809 2900 912 2963 fiebat
929 2910 964 2963 ut
980 2900 1092 2964 omnia
1107 2898 1216 2961 minus

163 3017 322 3092 prospere
338 3020 433 3092 gesta
450 3012 567 3093 culpae
585 3012 864 3088 tribuerent,·eum
881 3023 938 3076 aut
950 3033 1026 3075 eum
1039 3013 1218 3094 neglegen-

163 3132 213 3185 ter
234 3132 291 3185 aut
311 3123 474 3187 malitiose
496 3125 615 3188 iecisse
639 3126 862 3208 loquerentur,
885 3135 968 3189 sicut
987 3135 1056 3189 tum
1079 3125 1215 3201 accidit;

163 3256 240 3297 narn
254 3246 446 3318 corruptum
462 3244 481 3299 ai
498 3244 576 3318 rege
590 3258 710 3319 capere
724 3240 851 3322 Cymen
864 3240 1009 3301 noluisse
1023 3238 1216 3319 arguebant.

166 3346 284 3431 ltaque
323 3348 398 3412 huic
438 3350 578 3413 maixime
617 3359 773 3433 putemus
812 3352 898 3414 malo
936 3351 1040 3414 fuisse
1081 3328 1241 3413 11111ιί11111

26 3486 28 3497 ¹
113 3490 143 3544 ²5
164 3461 354 3544 opinionem
386 3462 500 3544 ingeni
526 3474 625 3546 atque
652 3464 801 3541 virtotis;
834 3465 1011 3528 timebetur
1035 3464 1122 3528 enim
1151 3470 1218 3525 non

165 3576 274 3638 minus
291 3596 390 3658 quam
408 3576 615 3657 diligebotur,
633 3585 676 3640 ne
697 3577 843 3640 secunde
865 3578 1000 3640 fortune
1023 3584 1219 3658 megnisque

166 3688 284 3777 opibus
307 3690 412 3753 eletus
433 3683 644 3779 tyrannidem
666 3699 924 3775 concupisceret.
974 3688 1104 3772 Quibus
1120 3687 1219 3750 rebus

1249 3352 1252 3365 l
1268 3354 1271 3363 1
