2792 4142
225 206 293 271 114
549 196 785 254 CORNELIUS
816 196 945 254 NEPOS

217 378 341 443 flumen
363 379 495 460 fugivit
515 400 554 443 ac
571 380 650 443 satis
669 381 793 444 habere
809 381 927 463 coegit,
945 391 973 443 si
989 382 1102 445 liceret
1118 382 1271 446 Africam

217 492 375 568 obtinere,
393 502 450 574 qui
465 493 531 555 iam
548 495 728 574 compluris
744 502 850 557 annos
872 495 1117 575 possessionem
1139 496 1272 560 Siciliae

216 604 385 669 tenebant.
447 607 546 687 Cepit
576 608 675 670 etiam
709 607 925 682 Mamercum,
956 593 1110 670 italicum
1141 609 1270 685 ducem,

216 718 385 805 hominem
404 719 598 782 bellicosum
617 730 650 783 et
673 729 854 801 potentem,
872 731 929 803 qui
943 729 1104 805 tyrannos
1120 721 1270 785 adiutum

161 862 174 914 5
214 832 248 923 in
267 831 412 896 Siciliam
429 840 575 896 venerat.

395 1022 546 1070 Timoleon’s
562 1024 625 1083 good
639 1023 712 1083 reign
726 1024 775 1070 and
790 1024 927 1085 voluntary
942 1023 1091 1071 abdicationi.

260 1150 326 1212 III.
360 1149 490 1232 Quibus
512 1149 611 1213 rebus
633 1151 796 1214 coniectis
818 1172 893 1214 cum
915 1161 1053 1233 propter
1076 1150 1270 1215 diuturnitat-

215 1273 283 1327 tem
304 1263 383 1325 belli
400 1271 468 1324 non
490 1264 596 1340 solum
618 1264 781 1344 regiones,
799 1264 858 1327 sed
882 1264 982 1327 etiam
1007 1264 1097 1327 urbis
1120 1264 1269 1327 desertis

214 1375 351 1450 videret,
374 1374 572 1457 conquisivit
596 1383 679 1458 quos
704 1375 820 1457 potuit,
844 1386 987 1457 primum
1012 1376 1160 1452 Siculos3
1192 1377 1269 1440 dein

216 1487 378 1552 Corintho
395 1486 567 1550 arcessivit
585 1464 730 1563 colonos,
749 1489 838 1570 quod
856 1489 898 1551 ab
914 1489 952 1550 iis
969 1489 1062 1551 initio
1082 1489 1269 1573 Syracusae

159 1627 188 1662 10
215 1611 309 1663 erant
337 1600 499 1663 conditae.
551 1600 687 1664 Civibus
714 1600 882 1664 veteribus
910 1622 970 1664 sua
997 1601 1149 1677 restituit,
1174 1612 1269 1665 novis

214 1713 301 1776 bello
328 1714 543 1776 vacuefactis
571 1714 801 1794 possessiones
829 1714 948 1789 divisit,
976 1715 1106 1776 urbium
1137 1715 1269 1777 moenia

214 1824 352 1889 disiecta
375 1826 521 1908 fanaque
545 1827 676 1889 detecta
700 1826 825 1902 reiecit,
848 1826 1036 1889 civitatibus
1060 1827 1151 1908 leges
1175 1827 1270 1890 liber-

214 1946 383 2020 tatemque
403 1938 564 2015 reddidit;
597 1959 638 2002 ex
661 1939 804 2001 maixime
822 1939 911 2001 bello
928 1947 1058 2001 tantum
1077 1940 1181 2002 otium
1208 1946 1270 2002 toti

214 2052 344 2114 insulae
371 2050 559 2114 conciliavit
581 2062 617 2114 ut
641 2052 693 2114 hic
718 2051 869 2114 conditor
896 2051 1026 2113 urbium
1053 2058 1176 2127 eorum,
1202 2072 1269 2114 non

158 2191 187 2242 15
216 2164 263 2225 illi
283 2174 340 2245 qui
361 2163 454 2225 initio
477 2164 692 2240 deduxerant,
710 2164 886 2227 videretur.
934 2165 1058 2227 Arcem
1083 2164 1267 2249 Syricirsis,

215 2297 315 2358 quam
339 2277 502 2339 munierat
523 2276 705 2359 Dionysius
722 2277 764 2339 ad
781 2277 897 2340 urbem
916 2277 1143 2353 obsidendam,
1161 2284 1181 2339 ἑ
1197 2278 1270 2339 fun-

215 2390 379 2451 dimentis
396 2388 541 2465 disiecit;
562 2397 672 2452 cetera
687 2389 874 2474 tyrannidis
890 2390 1144 2472 propugnicula
1159 2390 1270 2452 demo-

216 2503 292 2564 litus
309 2510 359 2564 est
376 2501 531 2582 deditque
548 2522 684 2582 operam
698 2511 846 2585 utquam
864 2502 999 2565 minime
1011 2503 1116 2565 multa
1128 2503 1270 2583 vestigia

216 2614 384 2678 servitutis
406 2621 587 2677 manerent.
636 2615 720 2679 Cum
742 2624 844 2679 tantis
866 2625 955 2680 esset
976 2615 1096 2696 opibus
1116 2626 1152 2679 ut
1168 2615 1269 2679 etiam

157 2756 188 2790 20
215 2728 327 2789 invitis
347 2726 512 2807 impertire
533 2736 656 2807 posset,
678 2737 807 2790 tantum
829 2737 940 2791 autem
962 2736 1108 2791 amorem
1131 2728 1269 2792 haberet

217 2839 363 2903 omnium
384 2839 569 2903 Siculorum
589 2850 625 2902 ut
646 2840 741 2907 nullo
757 2847 932 2903 recusante
954 2848 1095 2922 regnum
1119 2841 1270 2904 obtinere

216 2954 337 3028 liceret,
352 2951 469 3014 maluit
482 2959 517 3014 se
530 2951 623 3032 diligi
635 2972 735 3033 quam
749 2961 858 3015 metui.
899 2953 1017 3036 Itaque
1034 2974 1109 3016 cum
1126 2963 1270 3035 primum

217 3067 333 3148 potuit,
358 3064 533 3145 imperium
561 3063 716 3146 deposuit
739 3084 777 3126 ac
801 3071 948 3146 privitus
977 3066 1151 3151 Syracusis
1179 3067 1271 3148 quod

253 3264 273 3299 r.
291 3251 367 3299 sads
383 3250 513 3299 habere:
537 3265 571 3299 sc.
589 3255 638 3307 ais,-
662 3250 687 3299 be
710 3257 812 3299 content.
857 3263 878 3300 2.
902 3252 1054 3301 obtinere:
1080 3251 1165 3301 retain
1179 3258 1272 3314 posses-

216 3336 272 3382 sion
300 3335 332 3398 os.
385 3346 406 3396 7.
430 3332 584 3395 regiones:
619 3339 698 3397 agros.
751 3333 774 3382 8.
798 3334 997 3394 conquisivit:
1028 3334 1132 3397 brought
1158 3335 1272 3398 together.

217 3431 240 3479 9.
258 3416 433 3466 arcessivit:
453 3423 507 3464 sent
521 3418 576 3481 sor.
614 3429 649 3464 10.
663 3416 820 3465 conditae:
833 3416 955 3482 founded.
993 3429 1028 3464 11.
1041 3416 1270 3477 possessiones:

217 3508 308 3548 estates.
357 3513 393 3562 13.
411 3511 465 3549 ex:
491 3499 725 3564 often-fnium:
749 3504 845 3561 pocem.
892 3511 928 3563 15.
952 3498 1131 3560 Syracusis:
1156 3499 1272 3549 locative.

222 3584 258 3632 16.
275 3582 492 3631 fundamentis:
505 3582 681 3646 foundations.
720 3582 756 3630 18.
775 3594 882 3643 quam.
896 3617 902 3630 .
916 3617 921 3629 .
933 3582 1076 3643 vestigia:
1096 3585 1182 3647 assero
1192 3589 1274 3631 traces

220 3683 248 3714 as
258 3665 370 3729 possible.
405 3678 443 3712 20.
457 3664 576 3713 invitis:
599 3666 689 3728 iisque·
698 3665 822 3714 oolibam.
858 3678 895 3727 23.
914 3665 1011 3725 quod:
1032 3662 1128 3726 subject
1141 3664 1244 3729 offuit.
