2792 4142
559 218 775 275 nanniano
1126 225 1192 300 125

144 406 248 468 sulem
273 402 392 466 occidit
414 412 447 464 et
469 402 594 484 aliquot
617 408 789 482 praeterea
811 402 1003 477 cansularis,
1020 401 1054 464 in
1073 400 1112 463 iis
1132 401 1193 465 Cn.

145 509 320 582 Servilium
344 516 532 590 Geminum,
549 524 606 596 qui
629 513 799 595 superiare
823 522 911 577 anna
934 515 1045 577 iuerat
1067 514 1193 578 cansul.

229 758 266 804 He
281 757 396 804 deceives
411 756 506 803 Fabius
521 756 570 802 and
585 754 686 803 defeats
701 756 773 802 three
788 757 860 802 other
874 755 969 803 Roman
984 756 1109 817 generals.

186 886 227 949 V.
262 886 337 948 Hac
362 891 476 965 pagna
499 891 650 965 pagnata
675 884 818 946 Romam
842 885 1012 965 profectus
1036 885 1128 947 milla
1150 906 1198 949 re-

144 998 280 1061 sistente
297 996 329 1058 in
350 996 544 1078 propinquis
564 996 638 1057 urbi
656 997 824 1081 montibus
840 1004 988 1059 moratus
1004 1007 1063 1060 est.
1111 998 1197 1062 Cum

144 1110 269 1192 aliquot
283 1108 329 1171 ibi
345 1108 415 1170 dies
430 1117 540 1171 castra
560 1108 731 1170 habuisset
748 1117 783 1170 et
800 1108 950 1190 Capuam
966 1117 1196 1186 reverteretur,
1243 1144 1255 1195 5
1300 1156 1303 1160 ι

145 1222 185 1304 Q.
206 1222 330 1284 Fabius
351 1220 527 1295 Maximus,
545 1219 686 1283 dictator
706 1221 888 1297 Romanus,
905 1223 938 1283 in
956 1231 1038 1303 agra
1056 1223 1199 1285 Falerna

144 1342 225 1413 eise
243 1333 372 1396 obiecit.
421 1334 487 1395 Hic
507 1334 639 1395 clausus
659 1334 806 1396 locatum
826 1334 987 1415 angustiis
1006 1342 1106 1397 nocta
1127 1335 1198 1397 sine

144 1446 211 1508 ulla
227 1447 426 1509 detrimenta
441 1446 606 1523 exercitas
622 1452 658 1507 se
674 1444 842 1526 expedivit
857 1446 1042 1528 Fabioque,
1060 1447 1198 1510 callidis-

144 1560 228 1620 sima
254 1559 454 1638 imperatari,
478 1557 570 1620 dedit
592 1557 703 1620 verba.
723 1576 727 1585 ’
752 1558 906 1640 Namque
934 1559 1077 1622 obducta
1100 1570 1197 1624 nocte

144 1681 312 1733 sarmenta
330 1671 364 1732 in
383 1669 538 1733 cornibus
557 1669 771 1733 iuvencarum
791 1671 935 1752 deligata
953 1672 1102 1737 incendit
1116 1672 1198 1736 eius·
1229 1702 1258 1737 10

144 1803 208 1864 que
229 1782 361 1863 generis
383 1782 627 1845 multitudinem
651 1790 808 1864 magnam
833 1783 1031 1865 dispalatam
1052 1787 1196 1849 immisit.

144 1894 221 1976 Qua
237 1903 412 1976 repentina
426 1901 498 1957 visa
516 1894 647 1957 obiecta
662 1904 792 1958 tantum
808 1903 966 1959 terrarem
983 1896 1095 1960 iniecit
1110 1918 1199 1960 exer-

144 2006 223 2069 citui
240 2007 467 2069 Ramanarum
485 2017 521 2069 ut
536 2007 650 2087 egredi
666 2015 758 2070 extra
773 2008 896 2070 vallum
914 2017 1013 2072 nami>
1029 2010 1071 2072 sit
1086 2031 1195 2072 ausus.

146 2120 245 2182 Hanc
264 2130 340 2200 post
360 2140 429 2182 rem
449 2128 579 2201 gestam
599 2127 667 2182 nan
688 2119 734 2181 ita
753 2122 864 2200 multis
884 2121 1000 2184 diebus
1021 2123 1067 2184 M.
1090 2123 1198 2185 Minu·
1226 2183 1228 2187 ,

70 2306 73 2313 ⁴
144 2232 231 2294 cium
259 2233 398 2308 Rasum,
427 2232 622 2314 magistrum
654 2233 803 2314 equitum
834 2243 907 2314 pari
937 2254 975 2296 ac
992 2235 1196 2315 ⁸dictatorem
1228 2262 1256 2315 15

75 2324 77 2329 ¹
144 2344 292 2435 imperia,
331 2345 408 2407 dola
446 2346 643 2426 praductum
682 2344 716 2406 in
755 2345 916 2426 proelium
955 2322 1093 2427 fugavit.
1128 2338 1195 2410 'Ti

65 2440 77 2451 “
145 2456 378 2538 Sempranium
406 2458 604 2533 Gracchum,
633 2457 753 2520 iterum
781 2459 960 2534 consulem,
989 2459 1022 2521 in
1051 2444 1196 2523 Lacanis

144 2569 265 2632 absens
299 2569 334 2631 in
367 2570 502 2633 insidias
540 2571 712 2633 inductum
735 2571 888 2633 sustulit.
937 2573 983 2633 M.
1021 2572 1196 2636 Claudium

145 2681 351 2757 Marcellum,
377 2684 575 2764 quinquiens
598 2683 779 2758 cansulem,
804 2684 893 2765 apud
917 2685 1099 2747 Venusiam
1125 2696 1197 2766 pari

144 2794 242 2857 moda
254 2793 434 2883 interfecit.
483 2795 638 2876 Longum
654 2806 706 2858 est
722 2788 1043 2879 omnia'a'numerare
1060 2798 1193 2879 proelia.
1225 2822 1255 2857 20

66 2928 69 2941 ’
145 2905 220 2987 Qua
247 2884 371 2969 re'hac
399 2914 501 2969 unum
529 2908 610 2970 satis
637 2908 699 2970 erit
726 2896 869 3016 dictumst
889 2928 929 2971 ex
949 2917 1022 2993 qua
1047 2911 1197 2992 intellegi

172 3117 208 3152 i.
237 3105 423 3155 oemularie:
454 3108 600 3156 eac-consul.
646 3107 669 3156 8.
692 3102 866 3169 expedivit:
891 3116 958 3165 εΗ
967 3111 1196 3172 pas—callidis·

143 3187 240 3236 elme:
258 3196 342 3237 astute.
351 3189 487 3238 -Pabifi
501 3227 506 3237 .
520 3227 525 3237 .
538 3226 544 3238 .
557 3190 645 3240 dedit
655 3192 763 3240 verba:
778 3192 885 3239 Fabium
891 3193 992 3257 fefellit.
1002 3220 1034 3228 -
1042 3194 1195 3242 obducta:

141 3271 238 3334 gloomy
248 3271 393 3335 (avcrcasl).
420 3285 456 3320 10.
473 3277 638 3322 sarmenta:
657 3274 807 3322 bruslzwaad.
816 3275 1068 3324 -luvenct'trumz
1082 3277 1195 3345 bullacks.

142 3348 331 3415 deligata:
345 3355 435 3403 bound.
443 3355 549 3404 -eiue
561 3356 691 3417 generis:
706 3357 855 3421 q‘anmuals
863 3358 920 3405 thus
931 3359 1058 3421 equipped.
1086 3372 1122 3407 11.
1138 3359 1197 3408 dis-

78 3458 82 3464 ,
143 3435 291 3495 phiatam:
310 3438 429 3501 straying
445 3438 524 3487 about.
573 3452 610 3486 12.
629 3438 697 3497 Qua
712 3475 718 3486 .
732 3439 908 3488 ..obiectdz
931 3441 960 3502 by
978 3442 1027 3489 mis
1046 3445 1199 3505 unexpecled

143 3520 300 3580 apparitian.
337 3531 373 3581 13.
390 3520 517 3568 vallum:
538 3529 662 3583 rampart.
694 3534 731 3584 15.
750 3522 880 3582 pariae:
901 3523 981 3571 eadem
994 3525 1195 3586 qua—dicta-

143 3598 256 3649 tbrem:
276 3616 328 3649 acc.
349 3602 385 3649 sor
405 3618 471 3650 nom.
490 3604 523 3665 by
541 3604 673 3651 attraction
690 3611 717 3651 to
736 3606 895 3669 magistrum.
940 3606 976 3653 16.
994 3606 1212 3666 prfiductumz.

143 3681 237 3731 drawn
255 3690 304 3732 out.
336 3683 372 3733 18.
391 3685 516 3734 absens:
540 3686 629 3749 though
646 3686 675 3733 he
692 3703 745 3734 was
763 3695 806 3734 nat
821 3688 851 3735 in
869 3687 1007 3735 command
1021 3688 1050 3734 in
1062 3695 1164 3748 person.
