2792 4142
208 182 254 252 62
535 195 770 252 conuentus
800 194 929 252 Nanos

207 379 457 460 iortflnaquod
479 378 512 440 in
534 379 639 461 proeli
662 387 825 442 concursu
848 379 916 441 abit
937 387 990 442 res
1011 386 1031 441 {1
1055 380 1193 444 censilie
1218 382 1260 443 ad

168 566 172 571 ,
206 492 287 555 vicis
311 499 420 554 rerum
439 491 661 574 virtirtemque
687 491 918 573 pirgnantium.
968 492 1087 574 Itaque
1108 491 1179 556 hire
1201 502 1261 557 suo

193 592 367 668 ''nenmilla
385 604 427 667 ab
446 604 644 686 imperatore
665 605 770 680 mileS,
789 604 932 686 phirima
947 612 1026 667 vere
1042 605 1178 668 iortrina
1193 606 1261 668 vin-

206 718 294 781 dicat
321 726 423 800 seque
449 718 501 781 his
532 719 608 800 ples
635 718 780 781 valuisse
807 725 885 780 vere
916 727 1025 800 potest
1057 718 1257 801 praedicere.

156 848 168 899 5
206 832 330 894 Verum
357 830 438 893 illud
463 830 829 912 magnificentissimum
855 832 982 894 iactum
1010 830 1181 913 proprium
1208 841 1260 895 est

206 943 416 1028 Thrasybuli.
469 944 558 1006 Nam
589 964 664 1006 cum
695 943 833 1025 triginta
863 954 998 1028 tyranni
1028 944 1210 1026 praepositi
1240 951 1259 1007 ᾶ

207 1056 482 1120 Lacedaemoniis
513 1056 672 1119 servitute
700 1064 879 1138 oppresses
910 1063 1063 1120 tenerent
1093 1057 1258 1132 AthenaiS,

206 1168 366 1249 phirimos
390 1178 470 1232 civis
491 1167 611 1251 quibus
635 1168 669 1232 in
692 1168 781 1255 belle
804 1178 954 1251 parserat
977 1169 1114 1232 fortrina
1139 1171 1258 1251 partim

205 1280 313 1363 patria
347 1281 562 1363 expulissent,
590 1283 712 1363 partim
751 1282 1006 1357 interfecissent,
1042 1281 1259 1364 plurimerum

155 1416 184 1452 ιο
204 1393 292 1456 bona
308 1395 477 1476 pirblicita
492 1394 578 1457 inter
594 1402 629 1456 se
653 1394 851 1470 divisissent,
869 1402 935 1457 nen
959 1395 1067 1457 selum
1091 1404 1257 1477 princeps

205 1505 379 1570 sedetiam
396 1506 485 1569 solus
501 1506 594 1570 initie
610 1507 734 1570 bellum
750 1507 789 1569 iis
804 1507 928 1570 indixit.

228 1739 389 1800 Intrenching
399 1738 504 1787 himself
513 1740 689 1801 successively
700 1741 728 1786 at
742 1739 824 1800 Phyle
835 1741 883 1787 and
894 1739 1041 1799 Monychia,
1053 1741 1084 1786 he
1094 1739 1118 1787 ia
1133 1739 1189 1786 able
1204 1740 1231 1786 to

467 1815 547 1863 resist
561 1817 615 1863 two
630 1816 758 1873 attempta
773 1816 803 1861 at
817 1815 993 1874 dislodgment.

250 1955 296 2017 11.
331 1955 396 2018 Hic
419 1955 603 2018 enimcum
629 1956 757 2038 Phylen
779 1954 996 2038 cenfrigisset,
1021 1955 1110 2037 quod
1134 1964 1185 2018 est
1207 1975 1258 2017 ca-

204 2068 336 2130 stellum
352 2070 385 2130 in
403 2068 516 2131 Attica
536 2068 804 2144 munitissimum,
822 2076 887 2131 non
911 2068 985 2150 plris
1006 2067 1123 2131 habuit
1144 2074 1255 2130 secum

203 2181 338 2262 triginta]
365 2181 406 2244 de
433 2191 509 2243 suis
561 2182 636 2244 Hee
663 2180 793 2244 initium
821 2180 887 2244 fuit
913 2180 1030 2243 saliuis
1057 2180 1256 2255 Atticinum,

154 2313 182 2365 ¹5
204 2294 266 2356 hec
291 2293 391 2356 rebur
415 2294 575 2357 libertatis
601 2294 803 2357 clarissimae
828 2292 978 2356 civitatis
1035 2293 1154 2375 Neque
1178 2299 1258 2355 vere

203 2395 343 2469 hic'nen
355 2415 567 2488 contemptus
584 2416 635 2470 est
655 2414 762 2488 prime
777 2413 797 2468 ai
814 2416 965 2490 tyrannis
982 2416 1082 2488 atque
1099 2404 1169 2468 eius
1186 2404 1258 2467 seli-

203 2518 292 2581 todo.
334 2519 430 2600 Quae
447 2519 580 2601 quidem
597 2526 649 2582 res
665 2529 700 2582 et
716 2518 778 2581 illis
794 2518 1084 2582 contemnentibus
1101 2516 1258 2599 perniciei

203 2639 237 2692 et
253 2630 329 2693 huic
346 2631 505 2711 despecte
525 2632 623 2695 saltiti
643 2630 725 2708 fuit3
752 2630 875 2694 etenim
894 2631 968 2694 illes
988 2638 1100 2712 segnis
1123 2630 1166 2693 ad
1188 2650 1258 2711 per-

204 2742 420 2824 sequendum,
438 2743 499 2806 hos
523 2753 633 2807 autern
656 2753 807 2825 tempore
829 2744 871 2807 ad
895 2742 1157 2825 comparandum
1179 2742 1259 2805 date

152 2881 182 2915 20
203 2855 283 2918 iecit
302 2855 511 2918 rebustiores.
561 2856 637 2938 Que
654 2859 760 2939 magis
778 2867 993 2940 praeceptum
1012 2855 1093 2918 illud
1110 2855 1257 2917 omnium

203 2969 237 3029 in
259 2967 378 3030 animis
399 2988 472 3030 esse
492 2968 601 3045 debet,
622 2970 705 3032 nihil
727 2972 761 3033 in
785 2970 871 3034 belle
895 2975 1048 3050 oportere
1070 2977 1257 3044 contemni;

204 3099 312 3161 neque
329 3079 399 3142 sine
416 3088 516 3143 causei
537 3081 655 3145 dicitur
676 3090 815 3146 matrem
835 3082 940 3145 timidi
959 3081 1038 3144 flere
1057 3088 1124 3143 nen
1141 3080 1256 3144 solere.

206 3191 326 3273 Neque
339 3201 452 3255 tamen
469 3202 530 3275 pre
543 3195 699 3277 opiniene
713 3194 914 3280 Thrasybuli
929 3203 1047 3257 auctae
1064 3203 1143 3256 sunt
1159 3200 1257 3274 opes3

204 3323 283 3365 nam
303 3303 368 3401 iam
390 3315 460 3368 tum
484 3306 546 3370 illis
565 3307 770 3389 temporibus
790 3307 908 3370 fortius
926 3306 1007 3371 boni
1028 3327 1088 3388 pro
1108 3304 1259 3368 libertate

153 3446 183 3498 ²5
205 3416 426 3498 loquebantur
442 3439 543 3500 quam
560 3420 766 3502 prignabant.
809 3419 898 3482 Hinc
910 3419 944 3482 in
962 3421 1112 3483 Piraeum
1129 3416 1260 3481 transiit

207 3528 492 3613 Munychiamque
509 3532 656 3595 munivit.
710 3534 808 3594 Hanc
832 3531 882 3594 bis
905 3542 1041 3616 tyranni
1063 3537 1260 3613 oppirgnare

178 3628 182 3638 ⁴
207 3650 285 3703 sunt
301 3641 416 3717 adorti,
434 3642 476 3705 ab
496 3650 601 3726 eaque
618 3646 759 3727 turpiter
777 3645 902 3726 repulsi
922 3645 1072 3724 pretinus
1091 3644 1124 3705 in
1145 3642 1260 3706 urbem
