2792 4142
482 160 485 163 ’
562 203 785 261 Pnusnmns
1149 210 1195 280 43

788 328 891 387 We*

145 389 444 562 nefflmeritum
470 388 511 449 de
534 386 589 449 illo
612 386 737 467 optime
761 362 932 468 proderem
961 386 1049 469 quod
1073 396 1101 448 si
1123 406 1197 449 eam

144 520 185 562 ve
210 501 276 561 iam
304 499 366 561 sibi
394 499 541 562 dedisset
566 509 735 580 tantisque
762 499 968 581 implicitum
999 499 1097 561 rebus
1125 499 1198 561 sub

142 571 306 688 leffii:
320 619 443 694 megno
466 621 497 675 ei
520 611 668 693 praemio
692 612 850 674 futorum.

215 842 359 890 Pausanias
374 842 489 902 perlshes
504 843 530 889 in
545 844 589 889 the
604 844 699 902 temple
714 841 741 890 ot
755 843 864 890 Athena.
914 842 967 889 'the
982 853 1085 889 manner
1099 841 1125 890 of

597 918 638 964 hia
653 918 743 964 budal.

186 1063 227 1125 V.
262 1063 326 1124 His
342 1062 441 1125 rebus
463 1062 580 1143 ephori
598 997 863 1144 cognitrsd‘a’idls
884 1069 1043 1143 putarunt
1062 1062 1095 1124 in
1115 1062 1196 1126 urbe

142 1194 218 1236 eum
246 1174 493 1255 comprehendi.
553 1174 629 1256 Quo
656 1194 731 1237 cum
756 1183 870 1238 essent
893 1175 1036 1255 proiecti
1058 1184 1091 1237 et
1116 1175 1196 1238 Pau·
1235 1202 1249 1255 5

142 1285 254 1349 sanies
292 1286 424 1367 ploceto
461 1286 601 1367 Argilio,
642 1297 678 1350 ut
718 1286 866 1368 putebat,
907 1287 1195 1351 Lacedaemonem

141 1405 371 1473 reverteretur,
398 1399 431 1460 in
459 1399 519 1461 itin
542 1419 577 1461 re
602 1419 678 1461 cum
706 1399 771 1461 iam
798 1399 831 1461 in
859 1407 899 1462 eo
925 1409 1015 1462 esset
1046 1409 1080 1462 ut
1110 1421 1196 1462 com-

142 1510 412 1593 prehenderetur,
448 1530 489 1573 ex
518 1418 830 1636 fficoiusdam
872 1512 989 1593 ephori
1027 1522 1082 1594 qui
1119 1533 1195 1575 eum

141 1595 324 1687 audiri&
337 1623 491 1704 cupiebat
509 1624 646 1686 insidiens
670 1623 733 1687 sibi
756 1625 827 1688 fieri
848 1624 1017 1688 intellexit.
1077 1626 1195 1707 Itaque

141 1745 256 1819 paucis
284 1747 361 1800 ante
389 1736 548 1818 gradibus
580 1757 679 1818 quam
711 1747 768 1819 qui
797 1757 872 1800 eum
904 1736 1136 1819 sequebantur,
1161 1737 1194 1800 in
1220 1762 1248 1796 ιο

141 1848 258 1912 aedem
291 1848 464 1912 Minervae
500 1869 604 1931 quae
624 1849 831 1913 Chalcioicos
864 1856 1002 1913 vocatur
1032 1850 1193 1930 conlegit.

142 1964 233 2026 Hinc
258 1971 301 2026 ne
325 1974 413 2028 exire
438 1975 562 2046 posset,
590 1962 701 2025 statim
727 1963 845 2043 ephori
868 1920 982 2025 siffis
1010 1963 1079 2024 eius
1104 1963 1195 2025 aedis

121 2076 377 2251 ffitroxerunt
400 2084 590 2159 tectumque
612 2034 869 2151 suffiliti‚
887 2083 953 2155 quo
975 2074 1114 2137 celerius
1134 2075 1195 2136 sub

163 2196 218 2250 io
242 2187 400 2251 interiret.
454 2188 585 2251 Dicitur
608 2197 648 2252 eo
671 2198 822 2269 tempore
846 2194 986 2249 metrem
1011 2186 1195 2249 Pausaniae
1255 2254 1259 2258 ,

140 2300 261 2363 vixisse
286 2321 425 2383 eamque
448 2300 512 2362 iam
537 2259 775 2382 magfib'inato,
801 2309 976 2381 postquam
1005 2299 1046 2362 de
1071 2300 1195 2362 scelere
1219 2323 1248 2376 15

141 2413 191 2475 iili
213 2413 384 2494 comperit,
407 2413 440 2475 in
464 2423 578 2494 primis
602 2414 643 2475 ad
660 2414 773 2499 'filium
801 2412 1022 2475 claudendum
1050 2412 1195 2492 lapidem

140 2526 182 2588 ad
207 2526 376 2589 introitum
404 2526 496 2588 aedis
523 2502 681 2588 attritis&
732 2527 899 2621 Hic'cum
928 2524 1066 2651 sepniapi

1060 2618 1069 2639 4

115 2638 268 2719 'templo
298 2637 403 2700 elatus
434 2647 531 2712 esset,
561 2637 737 2700 confestim
769 2637 914 2707 animam
946 2636 1077 2698 efflavit.
1095 2604 1195 2699 (Sic

144 2749 325 2812 Pausanias
342 2757 496 2831 megnam
517 2749 595 2812 belli
615 2750 754 2831 gloriam
774 2706 873 2831 tdipi
884 2757 988 2811 morte
1008 2728 1194 2812 maculavit.

143 2862 247 2925 Coius
274 2871 395 2924 mortui
421 2882 541 2943 corpus
565 2882 640 2924 cum
664 2861 782 2924 eodem
807 2861 957 2924 nonnolli
980 2862 1128 2927 dicerent
1152 2865 1196 2923 in-
1220 2891 1250 2926 20

143 2975 224 3061 ferri
253 2981 405 3055 oportere
436 2981 502 3055 quo
532 2973 553 3035 ii
584 2983 645 3147 qu?
670 2974 713 3036 ad
744 2973 944 3055 supplicium
975 2983 1087 3036 essent
1118 2974 1195 3048 dati,

144 3048 500 3166 linteaminis,
530 3095 563 3148 et
598 3106 620 3166 p
650 3084 656 3089 ·

1068 2523 1129 2586 mis
1156 2525 1196 2586 de

1076 2616 1092 2639 (l

632 3060 714 3148 boul
748 3085 790 3147 ab
823 3093 863 3149 eo
895 3086 968 3148 loco
1003 3086 1197 3148 infoderunt

144 3206 210 3279 quo
241 3206 314 3261 erat
378 3207 501 3260 ortuus.
565 3197 648 3260 inde
679 3183 844 3278 posterius
876 3198 930 3260 dei
962 3197 1120 3280 Delphici
1150 3217 1198 3260 re-

145 3317 269 3391 sponso
290 3316 308 3371 e
327 3318 403 3372 utus
423 3319 521 3390 atque
543 3309 659 3372 eodem
683 3310 757 3372 loco
775 3309 924 3391 sepultus
945 3319 996 3373 est
1015 3309 1071 3373 ubi
1094 3319 1197 3373 vitam

145 3430 311 3503 posuerat.
1220 3442 1251 3498 25
