2792 4142
200 230 217 278 Ἰ
230 213 271 279 18
529 221 765 279 CORNELIUS
796 221 926 280 NEPOS

197 405 354 482 refectae,
379 404 503 472 bellum
526 413 686 469 renovare
713 406 949 489 Rcimancisque
973 417 1072 471 armis
1097 420 1253 492 persequi

197 518 352 581 dcinicum
369 528 427 581 aut
450 520 571 582 virtute
586 521 745 582 vicissent
768 528 826 582 aut
841 528 919 582 victi
935 527 1053 583 manus
1069 521 1250 585 dedissent.

198 629 274 694 Huc
305 631 442 694 cc'msilic‘)
476 638 593 713 pacem
631 630 828 694 conciliavit.
891 633 931 694 In
967 641 1033 714 qud
1063 641 1157 696 tanta
1187 635 1253 698 fuit

197 742 331 818 semeia,
348 765 423 807 cum
448 744 587 808 Catulus
607 750 747 825 negaret
769 744 892 807 bellum
909 745 1170 827 compositurum
1186 747 1251 810 nisi

140 875 153 929 5
195 856 251 918 ille
268 876 343 919 cum
361 866 437 932 suis,
456 867 513 939 qui
533 858 677 941 Erycem
696 864 858 933 tenerent,
876 868 975 921 armis
995 857 1117 922 relictis
1137 858 1248 923 Sicilia

196 968 406 1045 decederent,
432 979 469 1032 ut
498 969 737 1033 succumbente
768 971 876 1052 patria
905 972 978 1052 ipse
1005 971 1189 1052 periturum
1213 980 1249 1035 se

196 1081 307 1162 potius
328 1082 445 1145 dixerit
464 1103 565 1163 quam
588 1102 664 1145 cum
689 1091 784 1146 tantci
809 1082 934 1163 flagiti&
955 1084 1089 1147 domum
1110 1085 1247 1162 rediret;

195 1202 262 1257 nim
293 1194 383 1257 enim
414 1215 494 1257 suae
524 1215 599 1258 esse
629 1195 761 1258 virtutis
792 1215 885 1257 arma
915 1202 935 1258 a
966 1196 1072 1277 patria
1110 1207 1249 1278 accepta

195 1307 354 1370 adversus
378 1307 482 1370 hostis
506 1307 703 1370 adversariis
724 1307 865 1371 tradere.
914 1308 1025 1370 Huius
1044 1308 1248 1389 pertinaciae

139 1437 169 1474 10
195 1419 295 1483 cessit
314 1420 462 1484 Catulus.

399 1626 436 1673 lie
451 1627 534 1685 quells
549 1626 651 1687 mutiny
665 1624 717 1673 and
731 1626 897 1674 insurrection
911 1627 938 1672 in
953 1625 1046 1674 Africa

239 1754 285 1816 ΙΙ.
318 1753 367 1816 At
396 1753 451 1817 ille
482 1764 519 1816 ut
551 1753 792 1835 Karthaginem
819 1756 919 1829 venit,
948 1755 1054 1817 multi)
1083 1754 1178 1819 aliter
1207 1777 1247 1820 ac

194 1874 345 1948 sperarat
370 1886 440 1930 rem
468 1865 635 1948 publicam
664 1874 700 1929 se
726 1866 906 1930 habentem
934 1869 1099 1948 cdgndvit.
1147 1869 1248 1931 Nam-

195 2000 259 2062 que
277 1979 494 2042 diuturnitate
513 1988 641 2043 externi
661 1979 740 2041 mali
759 1964 891 2042 tantum
911 1980 1032 2043 exarsit
1053 1980 1246 2045 intestinum

193 2091 316 2155 bellum
342 2101 378 2154 ut
402 2112 583 2173 numquam
609 2091 643 2153 in
672 2101 744 2174 pari
771 2092 919 2173 periculi>
943 2093 1044 2157 fuerit
1072 2095 1248 2175 Karthagu

138 2226 166 2280 15
193 2205 258 2267 nisi
278 2225 353 2267 cum
375 2205 485 2267 dehita
506 2214 564 2267 est.
614 2206 723 2268 Primi>
744 2208 963 2269 mercennarii
986 2207 1105 2270 milites
1127 2205 1247 2288 quibus

194 2318 353 2381 adversus
382 2318 552 2380 Rdmanbs
580 2325 631 2379 usi
657 2328 753 2380 erant
780 2318 998 2395 desciverunt,
1025 2327 1164 2401 qudrum
1188 2339 1249 2381 nu-

194 2452 304 2494 merus
322 2441 394 2495 erat
412 2431 530 2513 viginti
548 2431 684 2494 milium.
734 2433 763 2495 Ii
782 2441 886 2496 tritam
906 2433 1137 2496 abalienarunt
1158 2426 1248 2497 hiri-

194 2558 276 2621 cam,
299 2544 407 2626 ipsam
433 2546 677 2626 Karthaginem
702 2550 949 2626 oppugnarunt.
997 2545 1127 2628 Quibus
1151 2547 1247 2609 malis

194 2657 278 2720 adef)
296 2666 374 2720 sunt
395 2658 497 2720 Poeni
517 2659 683 2738 perterriti
703 2666 739 2719 ut
760 2658 860 2721 etiam
882 2659 1002 2721 auxilia
1023 2658 1064 2720 ab
1085 2659 1247 2722 Rbma‘mis

136 2790 166 2826 20
194 2769 367 2850 petierint;
391 2789 497 2851 eaque
515 2771 745 2852 impetrirunt.
794 2770 861 2834 Sed
877 2778 1031 2846 extremi),
1049 2791 1124 2833 cum
1141 2792 1247 2853 prope

193 2882 259 2944 iam
272 2882 315 2944 ad
331 2881 597 2963 desperatiunem
611 2882 852 2964 pervenissent,
868 2883 1095 2945 Hamilcarem
1107 2884 1256 2964 impera?

193 3002 299 3057 turem
323 2995 482 3057 fecerunt.
531 2996 565 3058 Is
588 3003 656 3057 nc'm
679 2996 787 3058 sdlum
810 2995 914 3059 hostis
938 3002 956 3057 a
980 3003 1083 3058 muris
1106 2996 1248 3059 Kartha·

234 3207 256 3243 2.
269 3194 425 3244 dfinicum:
440 3195 522 3244 dinec.
530 3196 678 3257 -mam'ls
686 3195 844 3244 dedissent
855 3214 861 3244 ε
874 3195 930 3243 had
932 3195 1109 3245 surrendered.
1133 3208 1156 3258 3.
1168 3194 1245 3257 qud:

193 3276 234 3325 i.e.
253 3282 317 3340 pdce
338 3278 507 3326 conciliandi.
550 3278 573 3327 6.
592 3281 642 3326 ut:
673 3277 746 3325 looks
763 3278 829 3326 back
846 3285 873 3326 to
890 3279 1246 3328 tantd.—succumbente

193 3360 306 3420 patrii:
323 3362 520 3425 etiamst'patria
539 3361 733 3424 opprimeritur.
778 3374 799 3424 7.
817 3361 950 3424 ssigitffi:
970 3362 1091 3425 disgrace.
1132 3360 1155 3411 8.
1173 3373 1247 3411 suae

193 3453 261 3492 ease
284 3443 421 3492 virtutis:
452 3460 514 3492 suae
536 3446 631 3492 virtuti
651 3448 791 3492 convem're.
838 3457 860 3506 9.
884 3444 1084 3505 pertinfieiae:
1115 3445 1246 3507 obstinacy.

196 3537 234 3575 11.
256 3526 353 3574 multe
382 3526 470 3575 aliter
495 3528 528 3576 εδ
552 3527 715 3577 habentem
738 3540 789 3577 ac:
829 3529 858 3575 in
881 3544 898 3574 a
914 3528 965 3592 fizr
981 3527 1100 3592 dzfferem
1118 3527 1246 3576 condition

188 3610 258 3676 from
272 3610 346 3657 what.
384 3623 420 3672 13.
433 3610 562 3659 exarsit:
583 3610 668 3658 blazed
680 3610 967 3660 out—intestinum:
987 3611 1056 3659 civil.
1094 3610 1131 3659 16.
1149 3611 1248 3660 desei-

193 3693 316 3742 venmt:
335 3692 491 3759 defecerunt.
526 3704 566 3742 20.
589 3692 744 3742 extrfimt'tz
760 3692 868 3761 finally.
