2792 4142
516 261 835 319 ruanisrocnss
1147 269 1191 341 31

141 457 177 512 re
198 451 325 530 legetos
347 449 390 511 ad
410 455 467 510 eos
489 446 648 508 missoros
669 446 830 508 dixerunt.
880 447 979 509 Hanc
996 446 1196 527 legitionem

142 562 289 643 suscepit
320 560 562 623 Themistocles
599 569 632 621 et
668 560 757 622 solus
790 567 896 640 primo
926 560 1114 683 profectus!
1136 569 1194 621 est.
1220 600 1227 607 ‚

144 675 277 757 Reliqui
298 675 400 755 legati
418 683 454 735 ut
473 683 544 736 tum
561 666 688 763 exirent
702 692 784 769 filim
801 672 881 735 satis
897 674 955 734 alti
971 624 1096 735 tuehdo
1112 679 1198 733 mirri

141 795 301 851 exstrricti
331 787 531 862 viderentur,
564 746 753 867 digerit}
792 785 922 848 interim
953 793 1078 860 omnes,
1111 795 1198 848 servi

142 911 243 982 atque
273 900 375 975 liberi,
399 920 483 981 opus
514 900 665 961 iacerent
691 919 800 980 neque
829 899 886 959 ulli
912 899 985 961 loco
1009 908 1194 980 parcerent,
1237 912 1249 965 5

143 1024 212 1076 sive
235 1033 328 1076 sacer
352 1022 420 1074 sive
445 1019 592 1094 privetus
618 1021 706 1074 esset
726 1021 794 1073 sive
814 1011 976 1092 poblicuS,
993 1021 1026 1074 et
1050 1011 1197 1115 undique

143 1126 232 1208 quod
263 1125 418 1187 idoneum
450 1125 493 1186 ad
524 1124 741 1186 mriniendum
780 1131 936 1205 putarent
968 1090 1194 1204 condierant.

144 1239 222 1320 Quo
239 1239 367 1301 factum
386 1248 438 1300 est
459 1247 495 1300 ut
513 1236 771 1299 Atheniensium
788 1243 874 1298 mirri
888 1257 928 1298 ex
940 1237 1074 1357 {apellis
1091 1237 1198 1318 sepul-

1029 1334 1064 1365 v(

143 1360 273 1432 erisque
290 1358 489 1469 efiffisffll·
1013 1335 1018 1347 ’

172 1582 356 1629 Themistocles
370 1582 449 1640 keeps
464 1584 509 1629 the
525 1582 649 1640 Spartans
665 1582 691 1627 in
706 1582 838 1642 ignoranee
853 1582 919 1629 until
933 1583 979 1628 the
990 1583 1066 1630 walls
1081 1594 1123 1629 are
1137 1581 1169 1629 nt

413 1660 417 1665 '
589 1655 628 1703 ior
642 1655 754 1703 defense.

187 1799 267 1862 VII.
301 1798 543 1861 Themistocles
575 1807 686 1860 autem
712 1807 748 1859 ut
780 1798 1068 1861 Lacedaemonem
1094 1799 1194 1874 venit,
1222 1816 1251 1851 10

143 1910 234 1973 adire
262 1911 304 1973 ad
329 1912 543 1991 magistretris
571 1910 685 1985 noluit,
711 1920 745 1973 et
767 1910 858 1972 dedit
881 1931 1016 1992 operam
1037 1921 1196 1993 utquam

143 2023 336 2104 longissime
356 2034 489 2104 tempus
509 2023 654 2099 duceret,
672 2043 808 2086 causam
832 2004 1047 2104 interponens
1069 2031 1104 2086 se
1124 2045 1198 2087 con-

143 2137 236 2217 leges
252 2143 454 2217 exspectere.
502 2135 587 2198 Cum
606 2136 864 2198 Lacedaemonii
879 2104 1097 2249 quejrerentur
1113 2157 1198 2216 opus

143 2247 248 2310 nihilo
264 2250 373 2310 minus
390 2249 460 2310 lieri
475 2268 618 2330 eumque
634 2250 668 2310 in
686 2255 726 2311 ea
742 2255 777 2310 re
794 2255 907 2311 conari
922 2240 1050 2323 iailerej
1065 2248 1196 2311 interim

142 2360 262 2442 reliqui
288 2361 388 2441 legeti
415 2370 492 2422 sunt
513 2368 697 2444 'consecoti
746 2345 922 2441 siquibus
946 2381 1021 2423 cum
1049 2361 1196 2424 audisset
1222 2384 1250 2437 15

144 2480 211 2534 non
236 2454 387 2535 multum
400 2492 574 2555 superesse
594 2473 795 2573 munitionis,
813 2473 856 2534 ad
871 2473 1014 2554 ephoros
1033 2473 1198 2536 Lacedae-

143 2584 329 2646 moniorum
349 2538 620 2667 accessit‚⁴fiei⁴ies
638 2572 722 2667 qu¹os
742 2606 908 2648 summum
924 2595 995 2682 erat
1011 2586 1196 2666 imperium,

143 2707 243 2779 atque
265 2698 355 2780 apud
376 2706 434 2761 eos
453 2699 626 2762 contendit
650 2700 738 2761 falsa
761 2699 800 2761 iis
823 2719 897 2761 esse
921 2654 1049 2774 deia‘it'ass
1077 2706 1143 2780 que
1163 2707 1198 2761 re

46 2843 53 2854 ·
142 2830 287 2892 aequum
308 2831 381 2874 esse
402 2811 475 2874 illos
491 2811 586 2873 viros
598 2812 705 2874 bonos
728 2811 914 2892 nobilisque
931 2811 1060 2874 mittere
1077 2812 1197 2893 quibus

142 2923 225 2986 fides
242 2923 427 2998 haberetur,
442 2932 499 3005 qui
514 2944 583 2986 rem
600 2924 828 3006 explorarent;
854 2923 978 2986 interee
995 2931 1031 2986 se
1047 2924 1195 3019 obsidem
1222 2955 1234 2989 2

142 3037 332 3098 retinerent.
381 3037 504 3099 Gestus
534 3046 585 3099 est
616 3047 647 3099 ei
677 3045 758 3111 mos,
790 3043 925 3118 tresque
956 3037 1058 3118 legati
1090 3012 1198 3100 fiincti

142 3158 280 3209 summis
291 3148 472 3210 honoribus
485 3149 640 3212 Athenes
654 3149 748 3211 missi
759 3159 844 3211 sunt.
875 3149 959 3212 Cum
973 3150 1024 3211 his
1041 3151 1198 3231 conlegis

143 3268 219 3323 suos
244 3260 489 3324 Themistocles
506 3263 602 3325 iussit
622 3263 787 3343 proficisci
802 3263 908 3344 iisque
926 3262 1088 3342 praedixit
1104 3274 1140 3326 ut
1156 3272 1199 3326 ne

143 3373 234 3453 prius
258 3373 599 3437 Lacedaemoniorum
623 3376 752 3456 legetos
775 3374 979 3437 dimitterent
1002 3395 1102 3456 quam
1126 3376 1197 3457 ipse

141 3495 230 3548 esset
246 3487 413 3548 remissus.
456 3487 529 3550 Hos
546 3496 723 3568 postquam
736 3488 890 3550 Athenas
903 3487 1093 3568 pervenisse
1106 3460 1196 3551 ratus
1222 3520 1252 3573 ²5

141 3607 201 3673 est,
220 3598 263 3659 ad
285 3598 501 3678 magistrates
523 3607 743 3681 senetumque
761 3600 1100 3663 Lacedaemoniorum
1118 3601 1198 3664 adiit
1249 3611 1251 3614 ⁴

140 3719 175 3773 et
199 3709 289 3791 apud
321 3718 379 3773 eos
412 3710 576 3774 liberrime
599 3713 772 3794 professus
796 3721 865 3774 est:
897 3711 1115 3774 Atheniensis
1139 3724 1199 3776 suo
