2792 4142
224 174 291 240 116
549 184 784 243 CORNELIUS
814 184 943 241 NEPOS

218 366 365 446 putabat.
407 367 524 450 Itaque
546 387 626 431 suae
653 367 744 430 domi
771 352 929 430 sacellum
955 366 1168 430 Automatias
1195 374 1269 429 can-

216 478 368 542 stituerat
391 479 490 563 idque
514 480 722 543 sanctissime
745 479 883 543 colabat.

300 661 346 708 liis
360 662 439 722 luoky
454 663 512 723 day.
542 662 588 710 liis
602 662 844 722 open-miudedneas.
874 661 921 710 llis
936 663 1014 709 death
1028 663 1077 709 and
1091 661 1180 710 nunu

258 772 299 835 V.
333 772 390 835 Ad
406 773 493 836 hanc
509 773 653 837 hominis
669 775 887 863 excellentem
903 774 1086 837 bonitatem
1102 764 1271 836 mirabilas

215 896 424 948 accesserant
447 893 553 949 casas.
602 887 690 950 Nam
715 886 840 968 proelia
861 886 1003 950 maxima
1019 886 1122 949 natali
1140 894 1200 949 sua
1216 887 1269 948 die

157 1026 170 1077 5
215 997 295 1060 facit
311 999 431 1074 omnia,
445 1007 511 1080 qui>
526 1000 652 1062 factum
669 1008 774 1063 estut
790 998 860 1062 aius
878 998 966 1062 diem
983 999 1127 1061 natalem
1144 998 1267 1061 fastum

214 1109 353 1174 habaret
383 1111 538 1174 aniversa
574 1112 695 1177 Sicilia.
760 1112 849 1174 Huic
887 1111 1020 1193 quidam
1053 1110 1267 1195 Laphystius,

128 1279 132 1284 .
215 1222 315 1285 horna
349 1224 502 1305 petulans
536 1234 570 1287 et
606 1224 765 1306 ingratus,
797 1223 1023 1286 vadimanium
1059 1243 1135 1285 cum
1154 1218 1270 1285 'vellet
1349 1255 1352 1261 ·

215 1335 394 1417 impanere
412 1337 501 1418 quod
524 1357 599 1400 curn
623 1337 679 1399 illo
702 1344 738 1399 se
761 1336 835 1418 lage
858 1356 957 1418 agere
980 1335 1113 1411 diceret,
1131 1345 1164 1398 et
1183 1355 1270 1398 com·

215 1448 328 1529 plaras
348 1451 593 1513 concurrissent
615 1459 672 1531 qui
695 1451 932 1529 procacitatem
955 1447 1098 1511 hominis
1114 1446 1268 1511 manibus

158 1584 188 1620 10
215 1568 367 1624 coarcere
398 1569 605 1636 minarentur,
638 1561 812 1625 Timolean
843 1560 949 1623 aravit
982 1560 1132 1624 homines
1162 1568 1205 1622 ne
1235 1560 1269 1623 id

215 1673 373 1737 iacerent.
423 1675 577 1756 Namque
596 1674 630 1737 id
649 1684 686 1736 ut
704 1673 890 1759 Laphystii>
913 1683 948 1737 et
970 1673 1074 1736 cuivis
1093 1673 1215 1748 licaret,
1233 1680 1269 1735 se

215 1785 375 1849 maximas
409 1787 538 1849 labaras
576 1807 773 1869 summaque
810 1787 920 1850 adisse
951 1786 1106 1868 pericula.
1169 1786 1268 1848 Hanc

215 1898 303 1961 enim
327 1900 472 1980 speciem
496 1899 655 1963 libertatis
679 1920 763 1975 esse,
788 1910 816 1963 si
839 1899 993 1963 omnibus
1016 1898 1105 1981 quod
1129 1900 1269 1980 quisque

215 2010 314 2074 vellet
352 2011 480 2093 legibus
518 2022 659 2094 experiri
696 2012 818 2076 liceret.
880 1999 985 2088 idem,
1020 2033 1095 2075 curn
1134 2011 1267 2094 quidam

159 2147 187 2199 15
217 2124 381 2209 Laphysti
396 2124 520 2201 similis,
535 2125 669 2188 namine
687 2126 924 2201 Demaenetus,
938 2125 971 2188 in
984 2127 1137 2188 cantiane
1154 2124 1269 2206 populi

215 2236 257 2298 da
286 2236 385 2300 rabus
416 2247 518 2319 gestis
545 2240 616 2302 eius
643 2239 818 2302 detrahere
845 2241 1010 2320 coepisset
1039 2258 1077 2300 ac
1108 2238 1269 2300 nanntilla

214 2351 426 2413 inveheratur
452 2352 485 2414 in
513 2351 733 2428 Timoleonta,
759 2353 840 2415 dixit
866 2373 954 2415 nunc
982 2351 1115 2414 damum
1141 2358 1177 2413 se
1193 2357 1269 2429 ¹vati

214 2484 289 2527 esse
305 2465 515 2539 damnatum;
539 2485 684 2546 namque
702 2465 765 2528 hac
782 2472 801 2527 a
818 2465 868 2528 dis
884 2463 1124 2527 immortalibus
1137 2482 1269 2544 semper

215 2584 396 2658 precatum,
414 2587 450 2639 ut
465 2577 565 2639 talem
588 2577 772 2640 libertatem
789 2579 977 2640 restitueret
999 2576 1218 2660 Syracusanis
1233 2577 1267 2637 in

156 2711 187 2747 20
214 2696 280 2771 qua
293 2690 395 2751 cuivis
408 2689 520 2752 licaret
536 2689 578 2752 de
590 2698 656 2772 qua
667 2690 768 2754 vellet
784 2690 872 2771 quod
884 2689 984 2752 vellet
999 2688 1136 2770 impane
1147 2688 1267 2750 dicere.

258 2867 278 2903 1.
301 2855 510 2905 Automatias:
530 2871 588 2919 gen.
596 2873 665 2917 case;
687 2858 730 2907 the
748 2857 858 2920 goddess
876 2857 905 2906 of
920 2855 1023 2906 chance.
1067 2869 1090 2918 3.
1112 2855 1269 2905 mirabilas

213 2939 321 2988 casile:
346 2946 447 3002 strange
459 2939 567 2989 chances.
615 2953 636 3005 5.
655 2941 766 2990 testum
784 2940 925 2990 haberet:
946 2939 1081 2990 celebrated
1088 2938 1266 3001 asahaliday.

214 3033 236 3084 7.
254 3020 409 3082 petulans:
430 3023 836 3086 impudent.-vadim6nlum:
863 3024 920 3072 bail.
955 3022 978 3072 8.
1000 3035 1069 3073 eum
1088 3059 1095 3070 .
1113 3058 1119 3070 .
1137 3058 1143 3070 .
1161 3032 1265 3083 agere:

212 3103 267 3152 that
276 3105 306 3151 he
316 3120 368 3152 was
380 3105 592 3169 bringingactian
605 3108 707 3171 against
719 3107 781 3155 him.
816 3119 839 3168 9.
855 3106 1092 3167 procacitatem:
1113 3103 1267 3167 impudence.

215 3198 252 3235 12.
264 3187 381 3237 adisse:
401 3189 455 3236 aad
461 3188 558 3238 braved.
584 3202 620 3251 13.
633 3189 780 3250 speciem:
795 3190 833 3237 tte
843 3190 915 3237 ideal.
943 3202 979 3249 14.
991 3187 1109 3250 legibus
1118 3185 1265 3248 experiri:

211 3276 256 3318 test
266 3271 295 3333 by
312 3271 368 3319 lara.
398 3269 453 3319 Τὴε
466 3270 548 3333 object
561 3272 581 3319 is
593 3271 636 3319 the
649 3272 819 3335 unexpressed
832 3272 980 3319 antecedent
993 3270 1022 3318 of
1031 3269 1103 3333 quad.
1141 3281 1177 3333 15.
1195 3267 1267 3317 obn-

211 3352 311 3403 tifine:
336 3354 453 3411 concilia·
472 3356 556 3402 cantia
576 3355 596 3402 is
621 3354 658 3402 for
681 3356 829 3402 can-ventia
867 3354 903 3402 16.
927 3352 1101 3403 datrahere:
1123 3351 1197 3415 speak
1217 3351 1267 3399 dis·

207 3436 564 3501 paragingly.-n6nnfilla
575 3437 784 3487 inveherfltur:
804 3453 856 3484 was
868 3438 967 3501 casting
977 3452 1041 3484 same
1055 3435 1129 3484 slurs.
1167 3446 1203 3496 17.
1216 3434 1268 3482 do-

212 3533 308 3570 mum:
328 3527 356 3569 at
365 3520 419 3569 last.
428 3520 535 3568 -voti
547 3532 615 3569 ease
627 3521 816 3569 damnatum:
836 3536 888 3567 was
900 3520 1026 3584 liablesor
1037 3517 1225 3583 thesulfilment
1234 3518 1267 3582 as

213 3604 253 3651 his
262 3619 333 3659 vaw,·
351 3602 390 3651 ie.
402 3602 458 3650 had
470 3602 571 3650 hadhis
577 3611 687 3665 prayers
694 3602 812 3666 granted.
850 3614 886 3663 19.
899 3603 1071 3662 precatum:
1091 3600 1145 3648 had
1147 3599 1252 3663 prayer!
1255 3616 1266 3655 ,·

214 3701 248 3734 sc.
272 3690 296 3733 sa
314 3721 319 3733 .
338 3721 344 3734 .
363 3722 368 3734 .
387 3701 439 3734 esse.
478 3697 517 3733 20.
534 3685 671 3745 impune:
685 3686 740 3733 sine
751 3685 861 3749 supplici
864 3684 986 3750 pericula.
