2792 4142
202 180 250 251 90
529 140 763 226 comitantis
793 168 922 225 NEPOS

200 374 334 417 omnem
356 374 492 417 causam
514 352 547 416 in
569 360 605 416 se
625 353 847 415 transferrent
867 359 993 433 suaque
1009 359 1111 433 opera
1126 353 1255 418 factum

201 466 444 531 contenderent
454 476 490 529 ut
502 466 568 547 legi
580 474 646 528 nan
657 465 861 527 oboedirent.
898 464 974 546 Qua
984 464 1180 528 defensiane
1190 465 1255 529 illis

202 580 349 662 pericula
361 580 506 643 liberatis
520 586 618 642 nema
632 577 899 660 Epaminandam
912 584 1150 658 respr'msrirum
1161 586 1255 660 puta-

202 693 268 768 bat,
287 694 375 775 quod
391 692 471 775 quid
490 691 615 755 diceret
631 711 698 753 non
717 690 860 753 haberet.
908 689 956 753 At
975 690 1029 752 ille
1045 689 1079 752 in
1095 690 1254 754 iadicium

151 819 164 871 5
202 806 301 882 venit,
313 805 395 868 nihil
406 813 521 868 earum
534 803 670 884 negavit
685 822 771 885 quae
783 800 963 865 adversarii
974 801 1102 864 crimini
1118 802 1253 879 dabant,

202 919 379 1003 omniaque
400 938 485 1000 quae
509 917 670 997 conlagae
693 916 843 978 dixerant
861 915 1037 977 canfessus
1060 925 1121 990 est,
1143 935 1253 997 neque

201 1032 367 1095 recasavit
388 1040 454 1114 qua
476 1030 586 1093 minus
609 1029 693 1110 legis
717 1047 860 1109 poenam
888 1026 1031 1101 subiret;
1063 1028 1122 1090 sed
1151 1034 1253 1090 tinum

201 1144 243 1207 ab
253 1144 293 1207 iis
303 1144 428 1226 petivit,
440 1153 476 1207 ut
488 1144 521 1206 in
535 1142 689 1224 sepulcra
700 1148 761 1203 sua
769 1139 1003 1203 inscriberent:
1022 1144 1040 1170 “
1053 1139 1255 1221 Epaminan-

201 1258 261 1320 das
277 1265 298 1319 a
312 1258 483 1321 Thabanis
499 1266 604 1319 morte
617 1255 777 1317 multatus
792 1261 843 1316 est
860 1252 949 1335 quod
964 1259 1022 1315 eas
1037 1252 1147 1333 coagit
1163 1252 1253 1333 apud

152 1390 181 1424 10
203 1371 347 1434 Leuctra
363 1377 520 1452 superare
539 1366 834 1441 Lacedaemonias,
852 1373 935 1447 quas
955 1375 1032 1428 ante
1056 1372 1091 1427 sa
1114 1364 1254 1446 impera-

201 1491 306 1545 tarem
323 1491 421 1546 nemzi
439 1484 638 1545 Boeatarum
658 1500 759 1543 ausus
779 1478 821 1541 sit
840 1476 989 1559 aspicere
1005 1476 1039 1539 in
1056 1476 1135 1550 acia,
1153 1477 1255 1558 quod-

202 1615 266 1677 que
289 1604 355 1659 rimi
376 1597 502 1679 proelia
522 1605 589 1659 nan
612 1597 719 1659 salum
735 1595 870 1659 Thebas
892 1595 934 1658 ab
955 1594 1089 1658 interita
1106 1595 1251 1671 retraxit,

202 1709 261 1773 sed
282 1709 381 1773 etiam
402 1710 590 1772 nniversam
611 1709 784 1773 Graeciam
807 1709 840 1771 in
862 1706 1048 1772 libertatem
1063 1706 1252 1784 vindicavit,

202 1831 307 1904 eaque
338 1829 390 1884 res
421 1831 637 1904 utrarumque
668 1820 821 1904 perdirxit
847 1830 884 1883 ut
915 1818 1069 1882 Thabani
1096 1819 1253 1900 Spartam

152 1957 180 2010 15
202 1942 447 2016 opptignarent,
466 1934 723 1998 Lacedaemonii
744 1933 823 1996 satis
845 1932 1006 1996 habarent
1028 1941 1055 1994 si
1075 1932 1159 1994 salvi
1178 1952 1252 1994 esse

203 2058 349 2130 possent,
381 2068 490 2130 neque
525 2048 616 2129 prius
646 2047 770 2110 bellare
804 2045 930 2108 destitit
960 2065 1060 2128 quam
1093 2046 1251 2108 Messana

202 2162 354 2224 restittita
374 2161 490 2224 urbem
519 2168 634 2223 earum
655 2159 827 2222 obsidiane
854 2157 1002 2221 clausit.'’
1052 2159 1148 2220 Haec
1175 2177 1251 2220 cum

202 2274 346 2350 dixisset,
364 2285 449 2337 risus
470 2273 617 2336 omnium
639 2292 715 2334 cum
738 2270 902 2334 hilaritate
918 2280 1051 2333 coortus
1067 2279 1125 2345 est,
1143 2289 1253 2353 neque

202 2387 376 2471 quisquam
393 2387 492 2449 iadex
508 2405 608 2448 ausus
624 2394 676 2447 est
691 2384 734 2446 da
749 2392 789 2446 ea
805 2384 893 2446 ferre
907 2382 1113 2464 suffragium.
1162 2382 1216 2446 Sic
1232 2389 1252 2443 a

152 2526 182 2561 20
202 2499 324 2562 iadicia
339 2498 458 2581 capitis
474 2497 617 2560 maxima
634 2496 786 2559 discessit
802 2495 915 2577 gloria.

276 2703 460 2765 Epaminondas
474 2703 536 2751 falla
551 2703 661 2765 fighting
676 2705 781 2765 against
796 2706 840 2752 the
857 2705 982 2764 spartana
997 2707 1026 2752 at
1040 2705 1178 2752 Mantinea

248 2830 308 2892 IX.
344 2832 408 2893 Hic
425 2839 571 2894 extrema
586 2841 737 2913 tempore
751 2832 930 2914 imperator
942 2832 1031 2914 apud
1046 2833 1253 2896 Mantineam

203 2962 279 3004 cum
298 2942 368 3005 acia
391 2950 554 3006 instrticta
576 2945 734 3008 audacius
757 2953 897 3008 instaret
921 2945 1034 3020 hostis,
1058 2944 1211 3026 cagnitus
1233 2952 1253 3005 a

205 3054 488 3130 Lacedaemoniis,
502 3056 589 3138 quod
608 3059 641 3118 in
659 3065 756 3119 anius
769 3056 915 3138 pernicie
931 3059 1000 3120 aius
1014 3056 1140 3138 patriae
1156 3056 1254 3119 sitam

204 3166 366 3246 putabant
390 3168 539 3243 salntem,
561 3168 707 3231 aniversi
729 3168 762 3230 in
785 3177 887 3232 tinum
910 3169 1071 3251 impetum
1092 3170 1254 3243 facerunt,

153 3305 183 3356 ²5
204 3297 312 3359 neque
331 3278 422 3359 prius
443 3278 676 3343 abscesserunt
695 3301 795 3363 quam
816 3289 937 3363 magna
954 3283 1055 3345 caede
1072 3281 1160 3344 adita
1176 3279 1256 3342 mui-

203 3398 312 3470 tisque
336 3400 451 3453 occisis
475 3392 656 3455 fortissima
679 3393 787 3475 ipsum
814 3395 1089 3480 Epaminandam·
1106 3401 1257 3476 prignan-

204 3510 281 3575 tem‚
294 3509 393 3582 spara
403 3505 533 3566 aminus
544 3525 748 3585 percussum,
761 3507 934 3570 concidere
944 3508 1105 3569 vidarunt.
1144 3504 1257 3567 Haius

205 3618 284 3676 casa
302 3613 507 3698 aliquantum
520 3618 678 3681 retardati
690 3628 767 3681 sunt
781 3620 905 3694 Boeati,
918 3639 1027 3702 neque
1039 3629 1151 3682 tamen
1164 3616 1257 3699 prius
