2792 4142
588 211 806 289 HANNIBAL
1152 223 1218 296 133

169 404 287 468 norum
310 395 482 471 venissent
511 415 550 459 ac
581 394 793 467 multitudine
823 395 959 460 domum
990 394 1061 461 eius
1087 396 1224 465 circum·

169 508 351 584 dedissent,
377 527 460 591 puer
490 507 532 570 ab
563 508 662 571 ianua
692 508 900 591 prospiciens
931 508 1116 575 Hannibali
1144 511 1225 577 dixit

170 620 274 703 pluris
298 630 431 703 praeter
453 620 729 684 consuetudinem
761 628 906 685 armitds
937 628 1108 704 apparere.
1132 644 1134 657 *
1156 623 1225 707 Qui

169 733 344 815 imperavit
359 741 392 796 ei
405 742 442 799 ut
457 743 565 797 omnis
581 733 663 796 foris
678 733 809 797 aedifici
824 733 1012 819 circumiret
1027 754 1066 799 ac
1082 742 1224 817 propere

169 845 233 909 sibi
257 845 427 913 nuntiaret
450 866 532 909 num
558 845 675 909 eodem
702 846 803 913 modo
829 840 975 929 undique
1005 846 1221 911 obsideretur.
1265 874 1279 930 5

95 972 133 999 ι’·
161 944 256 1031 ,Ρυεῐ
278 978 354 1021 cum
371 958 523 1021 celeriter
545 958 624 1040 quid
641 958 779 1022 vidisset
802 960 1026 1023 renuntiasset
1049 969 1223 1042 omnisque

169 1069 277 1134 exitus
314 1077 494 1151 occupatos
531 1070 741 1146 ostendisset,
773 1070 878 1134 sensit
914 1071 947 1133 id
985 1079 1052 1134 non
1086 1072 1224 1135 fortuito

169 1182 307 1258 factum,
339 1182 398 1246 sed
429 1189 465 1245 se
495 1191 564 1265 peti
601 1202 711 1266 neque
749 1183 812 1246 sibi
849 1182 973 1246 diutius
1007 1192 1110 1246 vitam
1148 1203 1223 1247 esse

169 1294 387 1358 retinendam.
435 1294 546 1376 Quam
563 1302 605 1357 ne
621 1295 730 1357 alieno
745 1294 880 1358 arbitrio
892 1295 1082 1371 dimitteret,
1096 1315 1223 1359 memor

170 1406 383 1490 pristinarum
413 1407 581 1483 virtutum,
613 1414 790 1483 venenum,
822 1407 911 1490 quod
944 1427 1077 1491 semper
1110 1415 1223 1471 secum
1251 1426 1281 1463 10

170 1518 293 1582 habere
308 1525 493 1594 consuerat,
511 1518 661 1600 sumpsit.
688 1560 696 1566 ·

383 1741 447 1800 'The
461 1753 523 1800 time
539 1752 565 1800 of
579 1754 620 1800 hie
635 1753 720 1800 death.
749 1753 867 1815 literary
881 1754 998 1802 remulus.

214 1881 317 1944 XIII.
350 1881 405 1945 Sic
423 1881 473 1943 vir
491 1880 691 1946 fortissimus
710 1882 822 1946 multis
840 1882 1005 1965 variisque
1024 1881 1222 1964 perfunctus

170 1992 338 2060 laboribus
365 2001 454 2056 anno
481 1992 650 2076 adquievit
676 1993 933 2076 septuagesimo.
990 1993 1120 2077 Quibus
1147 2002 1222 2058 con-

170 2104 297 2168 sulibus
323 2105 485 2169 interierit
511 2114 578 2168 non
606 2105 770 2168 convenit.
828 2105 984 2189 Namque
1009 2107 1145 2170 Atticus
1173 2107 1220 2169 M.

41 2234 52 2245 ⁴
171 2216 312 2282 Claudio
343 2217 504 2281 Marcello
531 2218 571 2308 Q.
602 2217 708 2280 Fabio
737 2216 895 2280 Labeone
921 2217 1113 2282 consulibus
1139 2238 1223 2282 mor·
1252 2241 1281 2296 ις

170 2337 264 2391 tuum
291 2330 325 2391 in
349 2329 461 2392 annali
484 2338 545 2392 suo
567 2339 728 2411 scriptum
749 2329 899 2412 reliquit;
932 2338 966 2393 at
990 2329 1155 2415 Polybius
1182 2331 1219 2393 L.
1302 2394 1309 2407 ,

170 2440 316 2505 Aemilio
340 2441 442 2506 Paulo
465 2441 526 2506 Cn.
548 2441 674 2505 Baebio
697 2441 894 2523 Tamphi163
920 2442 1088 2524 Sulpicius
1110 2451 1221 2506 autem

172 2552 293 2631 Blitho,
315 2554 348 2616 P.
371 2554 526 2618 Cornelio
541 2553 693 2635 Cethego
715 2554 762 2616 M.
782 2553 908 2617 Baebio
927 2554 1115 2636 Tamphilo.
1162 2554 1223 2617 At-

170 2685 235 2748 que
262 2665 315 2729 hic
341 2674 454 2729 tantus
480 2668 530 2729 vir
556 2675 725 2748 tantisque
752 2664 848 2730 bellis
875 2666 1044 2730 districtus
1071 2667 1222 2731 nonnihil

170 2779 330 2861 temporis
362 2778 476 2841 tribuit
509 2777 636 2841 litteris.
701 2778 856 2860 Namque
890 2779 1016 2861 aliquot
1048 2777 1118 2842 eius
1148 2778 1223 2842 libri
1251 2799 1283 2836 20

170 2898 258 2967 sunt,
283 2890 414 2955 Graeco
440 2897 592 2954 sermone
623 2890 780 2966 confecti,
806 2889 840 2952 in
866 2889 907 2953 iis
933 2890 976 2952 ad
1005 2889 1155 2954 Rhodios
1181 2890 1223 2953 de

171 3003 231 3067 Cn.
252 3002 360 3066 Manli
381 3002 539 3066 Volsonis
562 3004 596 3065 in
620 3001 705 3065 Asia
729 3002 827 3065 rebus
850 3010 962 3084 gestis.
1011 3002 1122 3066 Huius
1144 3001 1224 3066 belli

170 3123 266 3196 gesta
292 3115 388 3178 multi
413 3113 591 3178 memoriae
619 3114 846 3198 prodiderunt,
870 3113 930 3176 sed
953 3134 994 3177 ex
1016 3113 1055 3178 iis
1079 3114 1145 3177 duo
1167 3123 1232 3196 qui'

170 3244 246 3288 cum
266 3233 308 3290 ef)
327 3228 363 3289 in
384 3235 503 3290 castris
523 3226 660 3289 fuerunt
682 3225 847 3308 simulque
870 3233 1023 3288 vixerunt
1045 3245 1146 3307 quam
1166 3225 1223 3288 dio

170 3337 306 3401 fortuna
332 3357 433 3419 passa
459 3347 520 3414 est,
547 3337 679 3402 Silenus
707 3345 740 3401 et
768 3336 896 3401 Sosilus
925 3337 1221 3402 Lacedaemonius.
1253 3356 1283 3411 25

210 3516 233 3564 4·
251 3502 339 3553 dorla:
371 3503 640 3565 deoru-propera:
670 3503 791 3551 celeriter.
839 3514 861 3566 7.
883 3501 1028 3552 tortultb:
1057 3502 1224 3565 byaccident.

173 3596 209 3646 13.
230 3585 405 3647 adquievit:
423 3593 539 3634 mortuus
555 3593 595 3634 est.
632 3584 668 3633 16.
690 3583 806 3633 annul:
825 3584 956 3634 chronicle.
993 3596 1030 3646 19.
1048 3583 1223 3634 ammom:

169 3668 292 3731 occupied.
327 3680 367 3717 21.
389 3667 536 3718 obnleffl:
555 3667 685 3731 compared.
