2792 4142
569 216 792 275 acusnAus
1136 227 1202 299 107
1225 203 1228 207 ’

149 402 279 477 iniecta,
301 402 419 464 eadem
441 407 507 483 qua
528 399 666 463 comites
686 406 802 463 omnes
823 406 944 463 vestita
967 399 1083 462 humili
1103 410 1204 483 atque

148 513 307 588 obsoleta,
340 522 377 576 ut
410 520 524 575 earum
559 519 695 574 amatus
730 519 796 574 nan
827 513 926 575 modo
956 512 989 575 in
1019 513 1059 577 iis
1090 521 1204 595 regem

149 625 316 688 neminem
335 624 548 706 significaret,
568 625 626 687 sed
646 623 798 687 homines
817 644 890 688 esse
909 633 976 687 nan
995 625 1203 690 beatissimas

148 736 372 819 suspicianem
400 737 583 819 praeberet.
633 736 744 798 Heius
771 737 813 798 de
837 737 983 800 adventa
1009 738 1200 802 sarnacum

148 850 191 911 ad
218 850 327 931 regias
353 859 441 914 esset
466 851 603 933 perlata,
632 849 783 912 celeriter
809 856 948 912 manera
974 857 1015 913 ea
1041 852 1201 934 caiusque
1240 861 1254 917 5

148 962 280 1043 generis
305 972 382 1025 sunt
407 963 527 1025 adlata.
576 962 640 1025 His
665 961 901 1044 quaerentibus
927 962 1123 1044 Agesilaum
1147 965 1202 1027 vix

148 1075 230 1137 fides
252 1075 344 1138 iacta
366 1084 417 1138 est
451 1082 553 1137 anum
581 1093 655 1145 esse
678 1094 720 1137 ex
746 1073 785 1136 iis
809 1083 959 1156 quitum
983 1075 1199 1139 accubabant.

148 1186 217 1267 Qui
246 1208 322 1250 cum
352 1187 441 1269 regis
467 1186 576 1250 verbis
608 1207 693 1269 quae
725 1187 905 1250 attulerant
935 1187 1114 1264 dedissent,
1145 1189 1200 1251 ille

147 1309 279 1381 praeter
308 1300 481 1363 vitulinam
513 1309 546 1362 et
577 1301 647 1362 eius
678 1298 768 1362 modi
801 1318 927 1381 genera
956 1301 1082 1376 obsani,
1114 1321 1200 1384 quae

146 1420 306 1493 praesens
330 1422 464 1495 tempus
488 1412 707 1486 desiderabat,
733 1410 816 1474 nihil
840 1413 986 1495 accepit;
1018 1423 1203 1495 unguenta,
1225 1431 1254 1466 10

146 1517 285 1588 coranas
313 1526 560 1607 secundamque
585 1532 736 1587 mensam
764 1534 867 1587 servis
893 1524 1066 1606 dispertiit,
1090 1534 1201 1590 cetera

146 1638 263 1701 referri
278 1637 381 1700 iussit.
429 1637 507 1719 Qua
526 1637 619 1700 facta
638 1657 715 1700 eum
736 1636 868 1699 barbari
888 1637 994 1718 magis
1010 1640 1110 1700 etiam
1126 1659 1200 1702 con-

146 1758 363 1831 tempserunt,
386 1751 475 1833 quod
499 1770 575 1813 eum
598 1751 787 1832 ignerantia
810 1749 971 1813 bonarum
992 1758 1102 1813 rerum
1123 1753 1200 1814 vilia

147 1862 355 1945 potissimum
372 1865 556 1946 sumpsisse
572 1862 826 1925 arbitrabantur.

193 1975 258 2038 Hic
289 1996 364 2038 cum
391 1996 432 2039 ex
463 1977 624 2060 Aegypta
646 1982 877 2050 reverteretur,
902 1975 1044 2038 danatus
1074 1982 1093 2037 a
1120 1984 1199 2057 rege
1224 1997 1252 2050 15

148 2088 379 2152 Nectanabide
401 2088 553 2151 ducentis
576 2087 695 2169 viginti
717 2087 860 2162 talentis,
885 2107 970 2170 quae
993 2088 1047 2151 ille
1070 2096 1200 2152 maneri

147 2201 272 2281 popula
296 2207 357 2263 sue
380 2200 484 2276 daret,
510 2199 723 2282 venissetque
750 2199 783 2261 in
811 2208 941 2281 portum
970 2210 1026 2282 qui
1054 2202 1200 2264 Menelai

146 2320 291 2387 vocatur,
308 2313 420 2376 iacens
441 2312 528 2375 inter
547 2314 695 2395 Cyrenas
714 2321 747 2375 et
768 2312 975 2395 Aegyptum,
995 2311 1028 2374 in
1048 2313 1199 2375 morbum

146 2423 325 2506 implicitus
340 2425 491 2488 decessit.
533 2424 585 2487 Ibi
600 2444 676 2486 eum
693 2433 799 2499 amici,
813 2431 879 2506 qua
896 2424 1051 2505 Spartam
1068 2424 1199 2488 facilius

147 2537 296 2619 perferre
317 2546 464 2619 possent,
486 2538 575 2620 quod
596 2536 661 2599 mel
681 2556 748 2599 non
771 2535 947 2614 habebant,
968 2542 1044 2599 cera
1064 2535 1199 2600 circum·
1221 2565 1253 2601 20

146 2649 306 2712 sederunt
321 2659 421 2733 atque
437 2649 484 2713 ita
499 2649 634 2712 domum
651 2648 857 2711 rettulerunt.

189 2887 211 2924 2.
229 2875 389 2924 obsoleta:
418 2874 555 2937 shabby.-
568 2873 711 2922 amatus:
737 2873 810 2937 gerb.
862 2885 885 2935 3.
907 2872 969 2921 nen
986 2873 1197 2925 beatissimas:

147 2964 191 3005 not
204 2958 380 3020 particularly
396 2958 454 3005 well
474 2959 512 3023 off.
556 2969 578 3021 5.
601 2957 740 3006 mslnera:
760 2956 834 3005 dana.
869 2954 891 3003 6.
911 2956 966 3004 le
979 2992 985 3005 .
999 2956 1118 3005 ..lacta
1132 2961 1197 3007 est:

146 3040 200 3102 they
216 3040 291 3088 could
304 3041 412 3102 scarcely
423 3041 449 3088 be
466 3040 540 3088 made
550 3047 573 3088 to
585 3040 680 3088 believe.
711 3051 732 3103 7.
750 3040 857 3087 finum:
870 3053 905 3087 sc.
918 3054 983 3088 eam.
1018 3037 1041 3088 8.
1058 3040 1154 3101 regis:
1173 3041 1202 3088 of

148 3121 236 3186 Egypt.
282 3136 306 3183 9.
328 3123 503 3172 vitulinam:
532 3138 596 3190 sorae
617 3122 793 3170 real—elus
816 3120 916 3170 modl:
943 3122 1197 3171 lalr'a.—obst')n11

148 3205 216 3269 sarad.
253 3218 289 3253 10.
312 3209 481 3267 unguenta:
503 3207 640 3270 persumes.
686 3217 724 3252 11.
744 3204 909 3252 secundam
925 3206 1077 3253 mensam:
1101 3205 1197 3254 dessert.

146 3287 355 3349 —dlspertlltt
383 3287 476 3336 divisit.
513 3301 550 3349 13.
567 3287 656 3335 vilia:
677 3287 760 3350 things
771 3287 839 3351 afno
850 3286 935 3335 worth.
973 3299 1009 3350 17.
1027 3286 1080 3348 qul
1095 3287 1198 3337 Mene·

146 3368 201 3417 lai:
221 3386 256 3418 sc.
275 3371 374 3419 Portus.
415 3383 454 3418 20.
471 3369 548 3419 mel:
565 3369 788 3432 lanea—cera:
812 3385 872 3416 wax
891 3368 975 3431 (used,
991 3383 1018 3417 as
1033 3384 1084 3418 was
1106 3368 1198 3434 honey,

147 3450 173 3500 in
192 3450 677 3513 embalming).-elrcumir‘1derunt
687 3469 693 3499 z
711 3452 808 3499 circum
819 3450 942 3515 -l-funda,
949 3458 1026 3514 pour.
