2792 4142
189 209 233 280 86
516 216 749 278 CORNELIUS
780 215 917 306 NEPOS·

189 411 303 488 “opus
321 407 461 487 pecirnizi
479 413 537 468 est.
558 405 562 410 “
588 404 676 465 Nam
693 411 721 466 si
739 409 796 464 rex
816 420 857 463 ea
872 398 942 462 vult
963 398 1048 481 quae
1070 397 1241 461 Thebanis

187 529 265 582 sunt
287 518 387 593 utilia,
410 517 526 599 gretiis
550 517 660 585 lacere
683 533 756 577 sum
782 520 936 595 paretus;
961 521 1012 574 sin
1033 520 1145 574 autem
1166 531 1242 574 eon-

186 632 295 707 traria,
325 639 391 693 non
419 628 520 693 habet
548 638 618 690 auri
646 628 746 709 atque
776 635 907 707 argenti
937 624 1025 686 satis,
1085 624 1241 706 Namque

186 745 275 809 orbis
290 750 452 807 terrerum
469 740 599 804 divitiiis
616 740 767 821 accipere
783 738 860 800 nolo
876 744 937 819 pro
952 738 1079 818 patriae
1092 738 1245 830 ceritrite

135 884 148 934 5
185 861 238 922 Tri
255 859 343 940 quod
360 865 413 919 me
435 854 641 936 incognitum
657 860 830 934 temptesti
847 861 961 933 tuique
978 851 1117 914 similem
1133 850 1241 914 existi-

186 980 291 1047 mesti,
309 979 376 1034 non
394 980 494 1033 miror
511 968 637 1050 tibique
652 973 793 1048 ignesco
803 986 810 1040 ;
837 964 896 1026 sed
912 963 1071 1045 egredere
1089 971 1238 1044 propere,

186 1092 228 1146 ne
259 1084 339 1146 alios
371 1089 573 1163 corrumpis,
605 1100 681 1144 eum
714 1085 767 1140 me
796 1085 863 1139 non
898 1076 1053 1157 potueris.
1117 1076 1161 1138 Et
1190 1083 1237 1152 tri,

188 1197 347 1281 Micythe,
372 1206 548 1278 argentum
576 1194 653 1256 huic
680 1190 791 1268 redde,
820 1199 877 1253 aut
907 1188 970 1251 nisi
997 1188 1029 1250 id
1060 1187 1239 1251 confestim

185 1311 278 1387 facis,
293 1331 356 1392 ego
373 1318 405 1374 te
420 1310 550 1373 tradam
566 1305 805 1388 magistratui?
840 1304 942 1365 Hunc
961 1302 1149 1365 Diomedon
1162 1321 1239 1364 cum

135 1443 165 1480 ro
185 1431 318 1505 rogeret
331 1433 367 1485 ut
378 1430 451 1485 trito
463 1431 551 1484 exire
563 1439 689 1502 suaque
706 1438 792 1501 quae
809 1416 966 1480 attulerat
981 1405 1097 1477 liceret¹
1106 1414 1238 1491 efferre,

187 1536 310 1599 “Istud
329 1533 493 1618 quidem,’'
518 1534 634 1616 inquit,
660 1529 819 1607 “faciam,
841 1549 950 1612 neque
973 1536 1030 1591 tue
1051 1533 1160 1603 cause,
1179 1527 1238 1591 sed

186 1657 268 1722 mee,
296 1656 338 1711 ne
363 1658 391 1710 si
413 1646 474 1711 tibi
498 1647 539 1711 sit
568 1645 710 1728 pecunia
741 1623 909 1726 adempta,
941 1642 1059 1724 aliquis
1084 1641 1172 1704 dicat
1204 1640 1238 1703 id

185 1762 228 1824 ad
244 1769 297 1823 me
317 1769 467 1842 ereptum
489 1758 682 1842 pervenisse
699 1757 787 1840 quod
810 1757 956 1819 deletum
975 1756 1127 1834 accipere
1149 1753 1238 1815 nolu-

109 1872 113 1877 ’
185 1875 316 1937 issem.''
353 1867 470 1956 [ique
489 1893 564 1937 cum
586 1884 771 1955 quaesisset
793 1885 858 1957 quo
876 1884 912 1938 se
933 1876 1053 1940 deduci
1073 1878 1181 1953 vellet,
1204 1889 1238 1942 et

135 2013 163 2065 15
185 1986 239 2050 ille
263 1988 417 2050 Athenis
440 1988 585 2081 dixisset,
615 1987 816 2068 praesidium
845 1987 936 2051 dedit
964 1999 999 2052 ut
1025 1996 1098 2053 tritri
1125 2010 1238 2070 perve-

184 2110 277 2163 niret.
327 2100 445 2182 Neque
464 2107 544 2163 vere
564 2099 598 2162 id
617 2099 697 2162 satis
720 2100 844 2176 habuit,
862 2101 1037 2164 sedetiam
1054 2111 1090 2165 ut
1106 2102 1239 2165 inviole-

184 2223 238 2275 tus
253 2213 287 2275 in
304 2220 422 2275 nivem
439 2212 633 2276 escenderet
650 2233 710 2294 per
728 2212 907 2276 Chabriam
925 2213 1177 2290 Atheniensem,
1195 2213 1238 2277 de

184 2334 250 2408 quo
281 2332 381 2406 suprzi
412 2327 614 2388 mentionem
646 2326 797 2401 fecimus,
825 2302 965 2389 effecit
1002 2327 1237 2390 Abstinentiae

183 2439 245 2501 erit
272 2439 334 2501 hec
360 2440 439 2501 satis
464 2437 700 2501 testimonium.
758 2439 902 2509 Plurima
929 2440 1062 2522 quidem
1088 2441 1238 2521 preferre

133 2581 164 2616 20
185 2571 371 2632 possumus,
389 2552 448 2614 sed
470 2552 588 2614 modus
609 2550 817 2614 adhibendus
835 2562 896 2628 est,
914 2553 1069 2635 quoniam
1089 2560 1157 2615 tino
1175 2554 1238 2617 hec

184 2664 352 2727 volumine
376 2674 477 2726 vitam
501 2664 733 2727 excellentium
755 2664 898 2727 virorum
924 2666 1142 2747 complurium
1164 2686 1240 2728 con·

185 2777 318 2840 cludere
343 2778 581 2852 constituimus,
600 2784 740 2858 quorum
757 2784 809 2839 res
826 2779 1003 2859 separatim
1029 2778 1139 2841 multis
1161 2777 1240 2839 mili-

185 2890 247 2953 bus
263 2910 418 2952 versuum
439 2890 627 2970 complures
648 2897 824 2970 scriptores
844 2899 922 2953 ante
945 2898 1006 2953 nes
1022 2890 1237 2972 explicerunt.

311 3164 495 3224 Epaminondas
512 3167 571 3225 geta
586 3167 631 3212 the
645 3166 730 3213 better
744 3165 770 3214 of
784 3167 936 3214 Meneclides
951 3168 976 3213 in
991 3169 1114 3226 repertae.

231 3327 271 3389 V.
302 3324 379 3388 Fuit
408 3327 506 3388 etiam
536 3327 687 3403 disertus,
717 3337 752 3390 ut
782 3336 882 3391 nemo
912 3338 943 3391 ei
968 3327 1150 3390 Thebenus
1181 3333 1242 3408 per

137 3471 167 3524 ²5
189 3448 277 3502 esset
306 3438 502 3520 eloquentie,
531 3459 640 3521 neque
668 3439 777 3502 minus
805 3439 988 3503 concinnus
1019 3440 1052 3502 in
1079 3438 1242 3502 brevitate

188 3551 416 3631 respondendi
427 3570 526 3632 quam
540 3551 572 3612 in
585 3558 748 3632 perpetue
760 3551 907 3614 oretione
919 3559 1064 3615 ernetus.
1114 3550 1243 3614 Habuit

191 3663 445 3728 obtrectatorem
467 3663 677 3726 Menecliden
697 3663 873 3747 quendam,
895 3664 1040 3729 indidem
1057 3664 1192 3739 Thebis,
1210 3672 1244 3727 et
