2792 4142
554 216 794 274 Anerarnnss
914 236 916 240 ,
1151 225 1195 298 59

49 426 50 451 2
144 398 207 462 sibi
229 398 384 481 cupiebat
405 399 543 481 adiungi
561 420 669 481 neque
686 399 859 463 dubitebat
874 399 972 463 facile
989 407 1025 463 se
1041 407 1198 463 censeor]-

143 519 265 587 tr'rrum,
283 522 311 574 si
334 532 388 575 mo
413 533 432 575 o
456 511 528 575 eius
551 513 773 595 conveniendi
794 512 966 588 habuisset
985 494 1194 594 poteitatem.

47 648 51 685 :
145 624 233 686 Nam
252 625 374 706 Cyrum
391 625 528 688 iretrem
548 635 579 687 ei
599 625 723 688 bellum
739 625 824 687 clam
841 632 958 705 parere
976 625 1197 688 Lacedaemo-

37 1876 41 1893 =
141 1847 214 1930 ipse
242 1848 387 1911 Athenis
419 1857 500 1912 cens

46 724 50 779 ἶ
142 735 206 798 niis
230 736 464 800 adiuvantibus
487 736 631 813 sciebat;
657 737 691 800 id
714 747 743 800 si
765 736 958 819 aperuisset,
981 744 1137 819 magnam
1161 744 1197 800 se

141 848 301 911 initerum
318 849 458 930 gretiam
475 849 617 934 videbat.
1235 864 1248 916 5

165 1065 305 1114 sununs
321 1068 363 1114 set
377 1067 418 1113 his
434 1068 512 1114 house
527 1079 557 1114 on
572 1065 617 1113 tire
632 1067 658 1113 in
672 1067 718 1115 the
734 1066 816 1128 night
856 1067 998 1114 Alcibiades
1014 1067 1106 1114 rushes
1123 1069 1174 1120 out,
1247 1112 1249 1117 .

445 1143 493 1188 and
508 1142 532 1189 is
547 1142 614 1188 slain
628 1141 663 1201 by
677 1142 746 1190 their
759 1142 875 1202 jevelins.

484 1213 636 1303 W

187 1286 227 1348 X.
263 1286 339 1349 Hec
362 1306 438 1350 cum
462 1262 640 1350 moliretur
656 1297 851 1369 peteretque
875 1294 894 1349 e
919 1287 1134 1350 Pharnabeze
1160 1296 1196 1350 ut

40 1374 43 1435 3
142 1398 185 1460 ad
208 1406 323 1479 regem
347 1400 540 1472 mitteretur,
564 1400 682 1463 eedem
705 1409 855 1481 tempore
884 1400 1002 1463 Critia‘rs
1029 1408 1196 1482 ceterique

39 1524 43 1603 ζ
141 1520 276 1595 tyranni
292 1511 550 1595 Atheniensium
571 1521 679 1575 certes
699 1514 856 1615 homines,
872 1512 913 1575 ad
931 1513 1142 1595 Lysandrum
1161 1514 1195 1574 in

39 1622 43 1671 l
142 1622 262 1685 Asiam
286 1632 444 1749 mismfflt
467 1634 524 1707 qui
546 1644 623 1687 eum
646 1625 1003 1700 certieremdacerent,
1021 1626 1084 1687 nisi
1108 1625 1196 1688 Alci-

141 1734 275 1799 biadem
297 1737 495 1813 sustulisset,
513 1737 594 1799 nihil
615 1744 731 1827 eerum
755 1745 862 1800 rerum
886 1739 958 1801 fore
980 1710 1087 1800 falul‘n
1111 1745 1194 1820 ques
1218 1760 1248 1795 10

495 1807 662 1926 iltbids‘eh
691 1857 757 1932 qua
782 1858 817 1912 re
844 1860 872 1912 si
898 1857 975 1913 sues
1002 1857 1055 1913 res
1082 1857 1195 1931 gestes

141 1969 277 2024 manere
307 1962 417 2038 vellet,
445 1962 832 2077 illuffllfld‘iqueffitur·
881 1963 946 2025 His
978 1963 1067 2025 Lace
1097 1963 1195 2026 rebus
1274 2026 1276 2030 Α

38 2100 39 2113 ¹
141 2082 326 2138 commbtus
348 2076 464 2138 statuit
485 2077 670 2139 acct'rratius
692 2074 755 2138 sibi
776 2074 943 2155 agendum
959 2095 1035 2138 cum
1053 2075 1196 2138 Pharna-

37 2228 40 2253 ι
140 2187 232 2250 beze.
281 2187 371 2251 Huic
394 2195 475 2269 erge
495 2188 664 2251 renuntiat
685 2208 770 2270 quae
790 2195 861 2268 regi
881 2208 956 2250 cum
975 2187 1196 2250 Lacedaemo-

140 2299 203 2363 niis
228 2300 470 2375 convenissent,
493 2300 556 2363 nisi
579 2299 791 2363 Alcibiadem
814 2310 925 2362 vivum
949 2308 1006 2362 aut
1028 2309 1193 2414 mortukrm
1218 2325 1246 2378 15

35 2398 39 2447 ²
141 2413 203 2476 sibi
227 2412 425 2476 tredidisset.
475 2414 551 2476 Nen
576 2412 651 2476 tulit
675 2414 738 2475 hec
763 2420 912 2494 satrapes
936 2421 969 2475 et
987 2411 1110 2474 violere
1134 2390 1280 2474 cle-''¹¹“

34 2542 36 2599 g
140 2525 299 2589 mentiam
323 2545 424 2607 quam
447 2527 535 2607 regis
560 2533 641 2607 opes
665 2525 770 2587 minui
792 2525 915 2588 meluit.
965 2525 1083 2606 ltaque
1105 2527 1194 2588 misit

141 2637 372 2702 Susamithren
393 2648 426 2702 et
444 2639 615 2720 Bagaeum
633 2639 674 2700 ad
693 2637 902 2701 Alcibiadem
918 2637 1192 2713 interficiendum,

141 2771 216 2813 cum
238 2732 294 2813 ille
315 2760 405 2814 esset
425 2750 622 2855 lssfhlygifi
642 2751 770 2833 iterque
787 2751 829 2813 ad
845 2758 959 2831 regem
975 2758 1192 2831 compararet.

144 2863 239 2925 Missi
261 2863 347 2926 clam
370 2804 594 2938 mtatl‘irl
612 2870 677 2945 que
702 2874 771 2926 tum
796 2862 988 2925 Alcibiades
1015 2872 1086 2925 erat
1112 2863 1194 2925 dant
1217 2893 1247 2927 20

141 2975 311 3057 negetium
339 2985 376 3038 ut
402 2996 478 3039 eum
506 2976 715 3079 interficiant.
759 2976 819 3073 Jll)
844 2995 920 3039 cum
944 2976 1033 3037 ferre
1056 2977 1195 3056 aggredi

141 3095 207 3171 nen
224 3089 395 3163 auderent,
412 3097 512 3152 nocte
535 3090 625 3170 ligna
646 3062 857 3152 consulerunt
878 3090 965 3151 circe
986 3108 1098 3150 casam
1120 3109 1194 3151 earn

140 3200 256 3284 inque
277 3202 469 3283 quiescebat
490 3223 596 3285 eaque
620 3201 872 3276 succenderunt,
910 3200 1195 3306 (twincendiecen-

1087 3286 1110 3309 ν

141 3313 279 3376 licerent
301 3334 400 3396 quern
428 3323 528 3376 manti
558 3321 707 3396 supereri
735 3333 834 3394 posse
888 3288 1094 3376 irridebant·
1133 3314 1194 3377 Ille

33 3426 35 3437 ⁴
112 3472 121 3487 ,
142 3435 252 3489 autem
281 3436 317 3488 ut
344 3426 453 3490 sonitsr
482 3426 635 3489 flammae
658 3436 709 3489 est
732 3428 902 3523 excitetus,
925 3436 988 3490 etsi
1011 3408 1141 3519 gladius
1164 3437 1195 3490 ei
1217 3457 1246 3508 ²5

141 3532 212 3602 erat
241 3534 268 3601 s'
329 3548 434 3615 uctus,
460 3536 631 3601 familieris
662 3548 715 3602 sui
744 3514 902 3601 subelere'
928 3526 1030 3605 telum
1053 3518 1192 3622 eripuit.

143 3653 298 3735 Namque
325 3661 397 3715 erat
424 3671 499 3714 cum
526 3659 567 3714 eb
590 3651 723 3733 quidam
747 3671 788 3713 ex
811 3650 959 3714 Arcadie
982 3651 1115 3733 hospes,
1138 3663 1194 3735 qui
