2792 4142
556 198 786 255 Timonnon
1131 204 1197 278 115

148 384 310 466 reliquum
329 391 417 445 vitae
436 362 603 444 fuit'vixit.
652 382 773 463 Neque
791 388 870 444 vere
889 381 923 443 id
942 380 1094 463 imperite
1110 379 1198 442 fecit.

150 497 239 560 Nam
263 495 352 578 quod
375 502 477 558 ceteri
499 501 597 575 reges
618 493 758 575 imperis>
780 501 969 576 potuerunt,
986 494 1039 556 hic
1058 492 1200 556 benevo-

149 609 250 673 lentia
273 609 389 671 tenuit.
438 607 560 669 Nullus
583 606 690 669 hones
714 606 791 668 huic
815 605 931 682 defuit,
951 625 1060 688 neque
1084 598 1201 687 'postee

148 721 296 784 res-silla
324 720 499 804 Syracusis
526 727 622 799 gesta
649 728 701 780 est
728 717 861 799 priblice
887 718 929 780 de
952 725 1017 801 quai
1045 717 1136 798 prius
1159 717 1201 781 sit

149 834 318 896 decretum
336 852 436 915 quam
452 831 670 895 Timoleontis
690 830 856 894 sententia
876 830 1019 912 cegnita.
1068 830 1201 893 Nellius
1246 843 1258 895 5

150 966 306 1029 umquam
334 943 508 1008 censilium
533 951 599 1006 nen
624 944 724 1006 modo
751 943 944 1019 anteletum,
969 943 1027 1006 sed
1050 950 1093 1005 ne
1116 963 1202 1005 com-

150 1064 301 1139 paretum
319 1056 452 1140 quidem
469 1066 528 1119 est.
574 1056 693 1138 Neque
711 1054 744 1118 id
760 1047 867 1137 magis
884 1057 954 1119 eius
969 1054 1202 1120 benevolentiae

149 1171 276 1233 factum
292 1180 344 1233 est
360 1189 460 1252 quarn
478 1168 663 1250 prudentia.

516 1408 562 1455 flia
578 1408 709 1455 honorable
725 1408 764 1455 old
779 1420 835 1468 age.

196 1562 255 1626 IV.
290 1562 356 1625 Hic
383 1581 459 1625 cum
487 1567 597 1625 aetete
622 1560 688 1624 iam
713 1569 890 1643 prevectus
915 1573 1012 1639 esset,
1037 1562 1109 1627 sine
1136 1562 1204 1626 ulle

151 1675 266 1738 morbe
298 1675 424 1737 lemina
454 1674 625 1738 oculerum
655 1674 774 1737 emisit.
838 1674 949 1756 Quam
980 1674 1202 1739 calamitetem
1234 1703 1263 1738 ιο

151 1786 197 1850 ita
220 1788 390 1850 moderate
413 1787 488 1850 tulit
511 1796 547 1849 ut
570 1807 679 1869 neque
704 1807 780 1849 eum
807 1797 1000 1869 querentem
1028 1788 1203 1871 quisquam

152 1900 291 1962 audierit
307 1919 416 1982 neque
432 1907 472 1963 ee
489 1899 598 1963 minus
615 1905 753 1980 privatis
770 1899 977 1982 publicisque
993 1899 1091 1963 rebus
1107 1901 1204 1964 inter·

152 2012 261 2075 fuerit.
297 2011 464 2076 Veniebat
484 2020 595 2075 autem
615 2013 649 2074 in
668 2012 845 2088 theatrum,
869 2032 944 2075 cum
964 2012 1008 2074 ibi
1028 2013 1203 2077 concilium

153 2126 268 2207 populi
290 2123 477 2200 haberetur,
500 2134 638 2206 propter
660 2125 885 2187 valetudinem
909 2134 1024 2188 vectus
1047 2126 1204 2189 iumentis

152 2238 281 2313 uinctis,
299 2248 400 2319 atque
422 2238 469 2300 ita
492 2237 534 2299 de
556 2236 711 2300 vehicule
734 2256 819 2319 quae
842 2237 1040 2301 videbantur
1063 2238 1203 2301 dicebat.
1235 2265 1263 2316 15

154 2349 274 2433 Neque
307 2349 370 2412 hec
402 2350 449 2412 illi
479 2348 654 2433 quisquam
688 2349 856 2413 tribuebat
889 2350 1082 2431 superbiae;
1122 2351 1204 2413 nihil

152 2463 241 2526 enim
265 2482 423 2545 umquam
448 2482 556 2544 neque
580 2462 727 2525 insolens
750 2482 859 2543 neque
883 2462 1061 2543 gleriesum
1085 2440 1205 2528 exere

152 2575 223 2638 eius
239 2574 326 2639 exiit.
375 2575 442 2657 Qui
457 2574 591 2658 quidem
608 2596 683 2639 curn
701 2582 779 2638 sues
798 2576 913 2638 laudes
932 2577 1061 2638 audiret
1080 2577 1206 2657 praedi-

132 2669 135 2674 *
153 2694 230 2763 cari,
248 2707 430 2771 numquam
452 2687 542 2751 aliud
563 2687 644 2750 dixit
665 2708 766 2769 quam
786 2694 821 2750 se
839 2689 873 2749 in
890 2694 930 2751 ea
945 2695 981 2750 re
997 2688 1139 2751 maxime
1155 2690 1205 2752 dis

154 2819 255 2881 agere
272 2802 396 2882 greties
413 2809 513 2883 atque
533 2799 665 2876 habere,
684 2800 774 2882 quod
794 2820 869 2863 cum
890 2798 1036 2863 Siciliam
1056 2809 1206 2865 recreere
1235 2828 1266 2864 20

144 2911 414 2995 ,censtituissent
428 2922 499 2975 tum
515 2919 551 2975 se
567 2912 775 2993 potissimum
792 2912 910 2976 ducem
927 2933 1001 2976 esse
1013 2913 1205 2978 voluissent.

156 3024 250 3087 Nihil
265 3023 354 3088 enim
374 3032 484 3087 rerum
504 3025 725 3087 hemenerum
743 3024 814 3088 sine
830 3025 968 3088 deerum
984 3027 1120 3091 ni'imine
1136 3038 1208 3108 geri

199 3269 219 3306 1.
239 3257 393 3320 imperite:
414 3259 543 3322 unwisely.
584 3258 607 3308 6.
625 3259 807 3308 antelatum:
827 3274 861 3308 sc.
878 3260 934 3308 e'ius
950 3261 1061 3310 censilio'.
1096 3273 1118 3322 9.
1141 3260 1210 3322 prb-

155 3344 280 3391 vectuu:
309 3342 366 3390 well
389 3342 524 3390 advanced.
574 3354 609 3390 ιο.
632 3342 747 3390 lfimina
766 3340 937 3391 oculbrum:
964 3343 1074 3406 eyesight.
1111 3356 1147 3391 11.
1165 3344 1210 3394 ita

154 3424 328 3473 moderat&
348 3425 409 3473 with
432 3425 491 3472 such
508 3424 634 3473 calmness.
679 3438 715 3485 14.
738 3425 958 3475 valeffldlnemz
978 3426 1209 3491 infirmia—ifl-

27 3493 29 3497 ⁷
56 3504 58 3509 ’
155 3506 268 3555 ineufi!
278 3506 407 3557 iunctis:
428 3523 444 3554 α
451 3507 519 3570 pair
536 3508 567 3573 os
576 3507 665 3555 horres.
703 3508 739 3555 16.
752 3507 811 3555 1111:
833 3509 862 3555 in
873 3508 913 3556 liis
925 3509 1207 3570 casa—superbiae:

158 3586 243 3648 pride.
279 3598 315 3648 17.
329 3585 508 3647 glefiesum:
523 3586 635 3651 boastful.
668 3598 706 3634 20.
719 3597 807 3648 agere
820 3623 826 3635 .
840 3622 845 3633 .
858 3622 864 3634 .
876 3585 1003 3636 babere:
1017 3587 1108 3635 thathe
1119 3590 1214 3653 effered

156 3667 272 3732 kcartjilt
282 3668 379 3716 thanks.
388 3695 421 3703 -
429 3670 580 3718 recreare:
595 3670 732 3717 restituere.
