2792 4142
196 200 241 270 68
526 213 760 272 CORNELIUS
792 213 920 276 NEPOS

194 395 284 479 quod
315 397 425 478 potius
456 398 583 479 patriae
614 405 695 480 opes
727 405 841 479 augeri
871 419 971 481 quam
1003 399 1091 481 regis
1123 403 1246 467 meluit.

195 508 284 572 Nam
306 529 381 573 cum
403 516 560 591 megnam
584 510 815 573 aucteritetem
839 511 901 574 sibi
924 519 1038 593 pigna
1061 513 1116 575 illi
1140 516 1249 578 navali

193 642 294 704 quam
324 622 415 703 apud
446 623 589 687 Cnidum
620 623 748 687 fecerat
778 623 1004 687 censtituisset
1034 633 1101 688 nen
1141 627 1247 689 selum
1287 671 1290 674 -

193 734 279 797 inter
304 734 472 810 barbares,
489 736 548 798 sed
565 736 665 798 etiam
681 745 789 798 omnis
806 735 966 800 Graeciae
985 737 1144 814 civitetes,
1162 739 1247 802 clam

143 861 156 916 5
194 847 273 910 dare
303 867 440 929 operam
470 847 580 929 eoepit
604 857 641 911 ut
666 847 794 911 leniam
822 857 856 911 et
879 849 1033 912 Aeoliam
1060 849 1248 914 restitueret

193 937 466 1023 Atheniensibus.
515 959 554 1022 Id
574 979 649 1023 cum
669 960 779 1023 minus
795 960 972 1042 diligenter
986 971 1076 1024 esset
1092 964 1245 1041 celetum,

192 1072 373 1149 Tiribzizus,
405 1082 463 1155 qui
493 1072 653 1138 Sardibus
685 1082 847 1155 praeerat,
881 1073 1054 1137 Conenem
1088 1075 1245 1152 evocavit,

192 1185 352 1248 simulans
376 1185 419 1249 ad
441 1193 556 1266 regem
580 1205 654 1248 eum
680 1193 716 1248 se
737 1186 868 1248 mittere
889 1187 974 1249 velle
995 1194 1117 1268 migne
1138 1188 1180 1250 de
1200 1195 1245 1251 re.

194 1298 304 1360 Huius
327 1298 445 1370 mintie
467 1305 689 1387 perenscum
712 1298 866 1375 venisset,
886 1298 920 1361 in
943 1300 1053 1362 vincla
1076 1299 1246 1364 coniectus

132 1439 160 1473 ιο
192 1420 252 1486 est,
270 1412 304 1473 in
327 1410 447 1493 quibus
471 1410 673 1493 aliquamdiu
698 1411 772 1474 fuit.
822 1411 906 1474 Inde
929 1412 1081 1475 nennrilli
1103 1432 1179 1475 eum
1203 1413 1246 1477 ad

192 1530 305 1603 regem
329 1522 509 1586 abductum
532 1523 644 1605 ibique
667 1544 743 1586 eum
768 1534 895 1605 perisse
921 1534 1082 1606 scriptum
1109 1525 1247 1607 relique·

191 1644 277 1697 runt.
325 1635 449 1699 Contri
465 1655 505 1697 ea
523 1637 636 1699 Dinen
653 1635 841 1712 historicus,
859 1636 911 1699 cui
932 1644 993 1699 nes
1010 1637 1188 1718 phirimum
1204 1637 1247 1701 de

176 1748 331 1811 ,Persicis
355 1748 453 1810 rebus
477 1748 652 1824 credimus,
677 1748 839 1830 effingisse
863 1751 1013 1831 scripsit;
1029 1749 1123 1812 ‘illud
1146 1749 1247 1813 addu-

107 1867 110 1874 ’
191 1858 283 1936 bitat,
301 1870 410 1923 utrum
427 1858 580 1924 liribeze
600 1861 725 1925 sciente
747 1882 789 1923 an
812 1862 1023 1943 imprudente
1044 1861 1087 1924 sit
1107 1862 1243 1926 lactum.

651 2115 789 2143 —000—

650 2319 792 2391 DION

189 2526 276 2573 Dion’s
289 2526 356 2573 close
372 2524 515 2573 connection
528 2523 593 2571 with
606 2524 651 2570 tho
665 2522 751 2583 reigns
761 2521 788 2570 oi
802 2523 863 2571 both
876 2524 921 2570 tho
935 2523 1003 2570 elder
1012 2524 1061 2571 and
1073 2524 1119 2571 the
1133 2534 1247 2585 younger

644 2597 792 2658 Dionysius.

140 2783 168 2836 15
236 2758 261 2820 1.
296 2756 394 2833 Diem,
414 2756 596 2838 Hipparini
619 2756 719 2832 filius,
739 2756 979 2841 Syrecrisa'mus,
997 2755 1100 2819 nebili
1122 2775 1245 2837 genere
1308 2817 1312 2824 ,
1390 2779 1391 2790 ’

189 2877 296 2945 naitus,
309 2877 448 2952 utreque
464 2869 652 2950 implicitus
666 2869 843 2954 tyrannide
859 2868 1104 2952 Dionysierum.
1146 2869 1247 2931 Nam·

190 3004 255 3067 que
279 2982 333 3046 ille
356 2981 507 3064 superior
526 2982 795 3058 Aristomachen,
814 2989 960 3045 sorerem
984 2982 1112 3058 Dionis,
1130 2979 1247 3044 habuit

190 3098 223 3159 in
247 3095 465 3171 metrimenie,
493 3115 535 3158 ex
557 3102 623 3178 qui
650 3095 734 3158 dues
759 3095 858 3169 filies,
883 3079 1110 3176 Hipparinum
1133 3104 1166 3157 et
1191 3094 1247 3156 Ni-

190 3229 315 3283 saeum,
329 3208 514 3290 precreevit
528 3208 735 3290 totidemque
748 3208 845 3284 filies,
859 3207 994 3271 nemine
1006 3208 1245 3290 Sophrosynen

138 3352 169 3388 20
189 3332 223 3386 et
239 3323 386 3400 Areten;
420 3328 560 3403 quarum
588 3320 732 3403 prierem
762 3320 924 3403 Dionysie
948 3320 1028 3396 filio,
1057 3320 1165 3383 eidem
1193 3319 1247 3383 cui

190 3443 331 3517 regnum
355 3434 494 3516 reliquit,
512 3441 653 3515 neptum
678 3433 778 3509 dedit,
800 3434 948 3507 alteram,
970 3433 1109 3508 Areten,
1134 3433 1244 3494 Dioni.

192 3549 280 3612 Dien
311 3556 421 3610 autem
451 3555 582 3626 praeter
612 3554 810 3627 generosam
843 3545 1126 3628 propinquititem
1157 3544 1247 3607 nebi-

190 3664 322 3744 lemque
349 3659 511 3722 meierum
539 3659 664 3721 frimam
692 3660 797 3723 multa
824 3658 888 3723 alia
916 3658 958 3721 ab
983 3664 1102 3721 neture
1130 3656 1247 3722 habuit
