2792 4142
559 196 783 254 unwanus
1149 207 1193 278 23

142 390 259 447 tenues
287 382 328 445 ob
354 401 495 464 eamque
519 400 654 444 causam
678 382 822 462 gleriesi‚
848 402 937 445 nunc
959 392 1071 446 autem
1096 381 1198 446 efffisi

142 507 242 579 atque
266 495 415 569 obsoleti,
436 504 482 557 sic
507 493 583 555 elim
604 494 695 574 apud
714 494 931 558 Atheniensis
950 496 1053 558 fuisse
1078 506 1198 577 reperi-

142 629 225 670 mus.
277 609 433 688 Namque
464 606 540 668 huic
573 605 726 681 Miltiadi,
755 616 811 688 qui
841 607 995 670 Athenes
1025 616 1197 690 tritamque

75 726 85 747 ⁸
144 721 318 785 Graeciam
342 719 506 793 libererat,
530 717 605 781 telis
629 718 737 781 hones
759 718 902 782 tribdtus
925 729 985 795 est,
1009 721 1043 782 in
1067 721 1195 802 porticu

143 853 228 916 quae
257 832 385 895 Poecile
412 837 548 894 vocetur
574 850 649 893 cum
678 838 793 912 pugna
825 831 1061 913 depingeretur
1089 835 1197 896 Mara·
1236 851 1250 903 5

143 944 266 1019 thema,
280 953 316 1006 ut
332 943 364 1006 in
383 943 497 1006 decem
515 950 706 1024 praeterum
722 951 862 1006 numere
878 953 985 1025 prima
1001 945 1071 1007 eius
1087 945 1198 1026 imege

144 1063 323 1139 peneretur
353 1055 447 1137 isque
479 1055 665 1117 horteretur
696 1056 817 1119 milites
854 1057 1082 1139 proeliumque
1112 1078 1198 1121 com-

122 1158 297 1232 ''mitteret
354 1160 450 1231 ldem
480 1167 536 1230 ille
563 1169 707 1250 populus
739 1175 856 1250 posteat
882 1190 982 1251 quam
1010 1170 1116 1233 meins
1141 1172 1198 1232 im-

144 1281 273 1365 perium
292 1291 342 1345 est
361 1291 479 1344 nactus
498 1290 532 1344 et
550 1280 725 1362 largitiene
747 1282 1000 1363 magistretuum
1022 1293 1197 1364 corruptus

143 1406 203 1472 est,
225 1402 390 1460 trecentis
415 1402 541 1459 statues
566 1395 738 1458 Demetrie
762 1396 922 1459 Phaleree
945 1395 1099 1459 decrevit.
1223 1422 1252 1456 ιο

112 1620 119 1643 ⁸
162 1612 294 1659 Miltiades
309 1611 415 1658 attacks
430 1610 522 1667 Paros;
538 1610 584 1657 but
599 1582 690 1670 iailirig
706 1612 733 1657 to
747 1611 810 1657 take
824 1611 855 1668 it,
866 1611 890 1658 is
905 1612 1012 1659 accused
1027 1610 1053 1658 oi
1068 1613 1178 1669 treason,

345 1685 419 1744 fined,
433 1687 481 1733 and
496 1687 596 1733 thrown
610 1686 664 1733 into
680 1687 773 1746 prison,
788 1688 872 1733 where
888 1687 919 1733 hs
934 1687 996 1735 dies.

188 1830 268 1893 vll.
302 1829 380 1891 Post
398 1828 461 1891 hec
483 1826 646 1909 proelium
668 1828 809 1890 classem
831 1827 1044 1908 septuaginta
1065 1828 1198 1890 nervium

144 1941 372 2005 Athenienses
403 1940 510 2003 eidem
536 1939 680 2002 Miltiadi
706 1939 878 2014 dederunt,
903 1950 940 2001 ut
965 1941 1090 2002 insules
1114 1960 1200 2022 quae

144 2055 304 2117 barbares
334 2052 532 2116 adiuverant
558 2052 645 2115 belle
669 2060 932 2134 persequeretur.
988 2052 1065 2134 Que
1087 2053 1120 2114 in
1145 2053 1200 2114 im-

145 2167 239 2249 perie
262 2168 437 2248 pleresque
462 2165 503 2228 ad
528 2163 672 2227 officium
695 2164 803 2227 redire
827 2164 945 2245 coegit,
968 2166 1146 2228 nennulles
1167 2176 1200 2227 vi

49 2340 52 2345 ⁴
145 2280 359 2362 expfignevit.
409 2279 459 2340 Ex
480 2279 531 2340 his
552 2278 672 2339 Parum
691 2278 834 2339 insulam
851 2276 969 2358 opibus
986 2277 1105 2338 eletam
1122 2297 1197 2341 cum
1224 2295 1253 2347 15

145 2392 294 2456 eretiene
310 2391 523 2455 reconciliere
539 2398 605 2453 nen
623 2399 746 2471 posset,
761 2389 873 2471 cepitis
890 2396 908 2450 e
923 2389 1063 2451 nevibus
1076 2389 1198 2465 edexit,

146 2505 262 2568 urbem
278 2503 435 2585 operibus
451 2502 570 2566 clausit
586 2513 743 2584 omnique
760 2509 946 2565 commeate
959 2503 1110 2583 privevit,
1124 2503 1200 2565 dein

145 2626 250 2680 vineis
267 2636 304 2679 ac
321 2615 544 2679 testudinibus
560 2616 748 2678 censtitu‘ttis
770 2614 907 2695 propius
923 2620 1035 2677 meres
1051 2615 1198 2678 accessit.

76 2785 85 2792 ,,
146 2730 232 2794 Cum
250 2728 315 2791 iam
333 2728 367 2790 in
389 2736 428 2791 ee
447 2738 537 2791 esset
558 2736 594 2790 ut
614 2728 740 2809 oppide
760 2733 928 2808 potiretur,
946 2727 1061 2807 procul
1077 2726 1110 2789 in
1127 2747 1201 2790 con-

145 2843 265 2905 tinenti
290 2841 385 2904 lucus
416 2850 473 2923 qui
499 2860 539 2903 ex
565 2840 672 2902 insule
704 2839 969 2921 censpiciebetur
997 2839 1110 2905 ,nescie
1133 2848 1200 2922 que
1224 2862 1255 2896 20

147 2960 225 3016 cesti
250 2961 413 3017 nocturne
435 2963 586 3034 tempore
609 2953 765 3015 incensus
788 2961 848 3014 est.
896 2951 999 3015 Ceius
1015 2951 1149 3014 flamma
1165 2962 1201 3014 ut

148 3067 189 3129 ab
208 3066 384 3148 oppidenis
404 3075 436 3128 et
460 3064 748 3147 oppugneteribus
771 3073 823 3127 est
842 3073 921 3140 visa,
945 3073 1092 3146 utrisque
1111 3067 1202 3128 venit

147 3180 181 3240 in
205 3178 395 3260 opinienem
419 3174 551 3259 signum
576 3185 595 3240 e
617 3177 794 3241 classieriis
816 3178 915 3258 regiis
943 3177 1065 3239 datum.
1126 3178 1203 3260 Que

148 3291 274 3354 factum
306 3301 357 3354 est
387 3300 423 3353 ut
457 3300 491 3354 et
529 3290 615 3353 Parii
644 3297 664 3352 e
695 3289 862 3352 deditiene
894 3290 1138 3354 deterrerentur
1168 3300 1202 3353 et

151 3403 319 3466 Miltiades
349 3404 470 3466 timens
497 3410 540 3465 ne
566 3402 682 3466 classis
709 3402 802 3485 regia
828 3402 1033 3478 adventaret,
1057 3403 1201 3467 incensis
1227 3428 1256 3480 25

150 3515 304 3596 operibus
322 3535 408 3598 quae
425 3525 594 3592 statuerat,
612 3536 688 3579 cum
700 3515 838 3578 totidem
857 3515 997 3578 nivibus
1015 3525 1115 3598 atque
1131 3527 1204 3579 erat

151 3628 321 3708 profectus
338 3627 492 3690 Athenes
509 3634 630 3709 megne
647 3647 723 3690 curn
736 3627 922 3690 offensiene
935 3627 1055 3690 civium
1069 3635 1203 3691 suerum
