2792 4142
192 192 257 260 128
516 201 751 261 CORNELIUS
782 202 911 260 NEPOS

185 394 252 449 non
277 385 382 448 solum
407 397 442 449 ut
465 397 554 451 esset
579 388 721 468 pecunia
744 407 829 469 quae
856 388 1016 450 Romanis
1039 408 1079 451 ex
1102 388 1239 451 foedere

185 498 395 580 penderetur,
419 501 477 562 sed
501 500 600 562 etiam
623 509 813 582 superesset
836 520 920 581 quae
945 499 978 562 in
1000 500 1127 562 aerario
1148 485 1241 581 repo

185 619 327 676 neratnr.
377 612 507 676 Deinde
526 614 572 675 M.
592 612 732 675 Claudio
750 613 786 675 L.
806 612 907 674 Furio
923 612 1114 675 consulibus
1132 614 1239 676 Roma
1315 612 1354 705 ᾗ

185 725 287 806 legati
307 726 550 806 Karthaginem
567 732 738 788 venerunt.
785 726 859 788 Hos
884 725 1056 788 Hannibal
1078 735 1169 788 ratus
1189 737 1240 789 sui
1263 780 1295 803 g.
1319 718 1358 767 f

127 864 141 914 5
185 839 386 919 exposcendi
401 839 508 919 gratia
527 837 660 914 missos(
673 837 867 920 priusquam
887 840 926 900 iis
941 838 1192 1013 εἴη·
1190 860 1237 923 ur
1289 806 1311 923 ‘-

184 958 303 1014 navem
329 951 479 1014 ascendit
505 952 591 1014 clam
619 960 720 1034 atque
747 971 780 1013 1n
834 949 939 1035 yriam
965 971 984 1013 a
1032 951 1238 1015 Antiochum

185 1064 344 1146 perfugit.
403 1065 478 1127 Hac
500 1072 534 1126 re
558 1065 669 1146 palam
693 1064 784 1127 facta
809 1065 910 1126 Poeni
933 1071 1027 1126 navis
1048 1064 1132 1127 duas
1153 1086 1239 1147 quae

185 1197 261 1240 eum
288 1177 621 1258 comprehenderent,
647 1186 675 1240 si
701 1187 839 1259 possent
866 1184 1034 1258 consequi,
1059 1185 1237 1252 miserunt;

184 1289 273 1352 bona
304 1289 374 1352 eius
405 1290 635 1370 publicarunt;
671 1289 806 1352 domum
838 1296 857 1352 a
887 1289 1114 1367 fundamentis
1146 1290 1239 1353 disie-

128 1426 158 1462 ιο
184 1410 319 1478 cerunt3
343 1402 452 1484 ipsum
477 1402 624 1466 exsulem
647 1401 844 1466 iudicarunt.

450 1643 573 1690 Hannibal
588 1646 618 1691 at
632 1644 677 1690 the
692 1645 764 1691 court
779 1641 805 1689 oi
820 1641 969 1690 Antiochus.

229 1763 326 1826 VIII.
356 1764 404 1826 At
423 1763 594 1826 Hannibal
611 1771 700 1825 anno
716 1771 835 1845 quarto
851 1771 1029 1845 postquam
1046 1762 1147 1825 domo
1163 1783 1236 1844 pro-

185 1876 329 1957 fugerat,
348 1877 385 1937 L.
397 1875 551 1939 Cornelio
568 1876 609 1958 Q.
624 1875 774 1938 Minucio
790 1874 981 1938 consulibus
997 1895 1074 1938 cum
1090 1885 1235 1958 quinque

184 1989 324 2052 navibus
352 1980 505 2051 Africam
533 1989 673 2052 accessit
700 1989 732 2051 in
764 1988 889 2052 finibus
921 1972 1179 2071 Cyrenaeorum,
1209 1998 1237 2051 si

184 2102 271 2164 forte
300 2101 591 2183 Karthaginiensis
618 2101 660 2164 ad
687 2101 812 2164 bellum
839 2101 998 2165 inducere
1026 2110 1140 2183 posset
1167 2101 1237 2163 An-

128 2238 156 2291 15
184 2214 286 2278 tiochi
320 2222 380 2297 spo
418 2214 618 2295 fiduciaque,
654 2214 709 2276 cui
742 2215 809 2276 iam
843 2221 1056 2294 persuaserat
1089 2224 1126 2278 ut
1159 2233 1235 2277 cum

184 2327 381 2391 exercitibus
405 2327 438 2388 in
465 2311 595 2388 Italiam
621 2327 895 2407 proficisceretur.
945 2327 1022 2391 Huc
1053 2328 1234 2409 Magonem

183 2441 321 2503 fratrem
349 2440 475 2502 excivit.
526 2439 565 2501 ld
593 2438 649 2501 ubi
678 2440 782 2502 Poeni
803 2424 1021 2515 iesciverunt,
1051 2440 1234 2521 Magonem

182 2552 300 2615 eadem
332 2559 397 2633 qua
428 2551 564 2613 fratrem
597 2551 770 2614 absentem
794 2551 992 2615 adiecerunt
1015 2560 1132 2633 poena.
1182 2552 1235 2614 llli

183 2665 367 2746 desperatis
395 2662 493 2745 rebus
520 2684 596 2727 cum
629 2665 806 2729 solvissent
836 2673 930 2728 navis
961 2685 999 2727 ac
1026 2660 1101 2728 vola
1126 2673 1234 2728 ventis

124 2802 155 2837 20
182 2778 361 2851 dedissent,
385 2775 557 2839 Hannibal
581 2776 623 2838 ad
648 2776 855 2840 Antiochum
879 2777 1039 2858 pervenit.
1088 2777 1141 2853 De
1165 2776 1234 2838 Ma-

182 2891 278 2971 gonis
293 2890 426 2951 interitu
444 2888 566 2970 duplex
584 2882 743 2952 memoria
759 2889 890 2970 prodita
906 2898 964 2952 est.
1009 2889 1164 2971 Namque
1180 2890 1235 2952 alii

222 3106 245 3142 2.
270 3094 466 3155 penderetur:
499 3096 524 3143 be
548 3096 862 3159 paim—superesset:
889 3098 1031 3147 contrasted
1049 3097 1109 3147 with
1129 3104 1234 3146 esset.-

180 3177 310 3226 aerario:
331 3185 455 3239 trearury.
490 3193 513 3239 4.
537 3183 637 3228 ratus:
660 3182 912 3230 exanimum-sui
929 3218 935 3230 .
954 3218 959 3229 .
978 3218 984 3229 .
1002 3181 1112 3243 gratia:
1128 3180 1178 3244 for
1193 3179 1232 3227 the

175 3268 286 3323 purpose
302 3262 334 3325 os
350 3261 509 3326 demanding
523 3262 562 3309 ln's
580 3264 743 3312 extradition.
779 3275 800 3328 5.
824 3266 965 3313 senatus:
991 3264 1030 3312 ie.
1051 3280 1087 3310 an
1111 3262 1234 3311 audiente

179 3345 258 3408 befirre
281 3344 319 3393 the
337 3351 426 3392 senate.
471 3357 493 3407 7.
510 3345 609 3405 palam
632 3346 729 3395 iacta:
750 3347 876 3410 becoming
890 3344 990 3394 knoa'rm.
1014 3358 1059 3406 =14.
1071 3345 1231 3395 Antiochi:

179 3426 227 3489 obj.
251 3442 309 3490 gen.
358 3428 394 3475 16.
414 3426 499 3475 Ηῦοι
531 3428 570 3476 i.e.
589 3429 619 3475 in
636 3430 712 3493 sinis
733 3430 931 3492 Cy'ranaeorum.
976 3441 1011 3492 17.
1031 3429 1162 3478 exclvlt:
1182 3428 1233 3475 like

179 3512 316 3569 arcessivit,
328 3511 374 3558 but
386 3517 508 3572 stronger.
517 3512 762 3560 -rescivdnmtz
783 3516 956 3574 repperarunt.
988 3511 1024 3560 18.
1037 3511 1215 3562 adiecerunt
1227 3528 1232 3559 :

178 3594 311 3643 sentenced.
355 3606 393 3655 19.
411 3593 585 3654 ᾶόερέῐᾶῒῑε
597 3595 705 3643 rebus:
725 3595 875 3657 despairing
884 3596 916 3659 of
925 3594 1233 3644 success.-solvimnt

178 3679 277 3728 navis:
299 3677 353 3725 aad
361 3676 714 3741 meginhardum—vela:
734 3679 802 3725 soils.
838 3691 876 3725 21.
893 3678 1052 3727 memoria:
1072 3677 1207 3726 tradition.
