2792 4142
476 198 815 381 Zuamrsrocms
1154 209 1200 282 33

466 370 472 377 ·
515 320 591 401 erl}

149 399 204 451 tur
227 385 426 451 caerimenie
450 395 600 448 coniecit.
661 385 745 448 Inde
769 393 834 447 nen
860 385 950 466 prius
974 393 1129 467 egressus
1152 395 1204 449 est

149 521 254 676 (Ῥω
271 507 338 569 ,rex
369 519 444 562 eum
476 498 554 561 data
585 498 701 560 dextra
727 498 760 559 in
786 498 884 560 fidem
912 498 1082 580 reciperet,
1103 519 1204 582 quam

150 634 212 696 pa

252 580 325 676 titit.
377 612 466 674 Nam
498 632 573 674 cum
605 611 647 673 ab
679 610 944 674 Atheniensibus
973 622 1007 675 et
1040 612 1237 699 Lacedae-³

150 725 272 791 moniis
303 678 708 843 exprilsleetstfepulflpublice
741 724 926 805 supplicem
957 732 1023 788 nen
1060 680 1233 806 prffifitr(

151 837 346 919 monuitque
368 846 403 899 ut
425 814 612 900 cens'uler'e'l
635 836 695 898 sibi
707 857 717 911 ;
739 835 871 927 difficile
892 837 981 899 enim
997 857 1070 901 esse
1086 839 1120 899 in
1136 847 1205 900 tam
1244 853 1258 905 5

152 951 341 1032 propinque
362 950 435 1012 loce
456 956 529 1011 tete
550 968 627 1010 eum
645 924 776 1011 versdri.
827 949 945 1031 Itaque
963 950 1113 1034 Pydnam
1129 970 1205 1013 eum

152 1062 272 1126 dedeci
293 1062 388 1124 iussit
409 1070 443 1124 et
462 1003 647 1143 qiddlatis
663 1069 752 1123 esset
775 1061 920 1142 praesidi
940 1062 1039 1125 dedit.
1089 1064 1205 1126 Hicin

152 1182 273 1238 nivem
304 1173 458 1237 omnibus
487 1181 623 1254 ignetus
653 1182 764 1235 nautis
795 1174 952 1237 escendit.
1001 1175 1097 1256 Quae
1130 1195 1206 1237 cum

152 1294 352 1368 tempestete
373 1285 516 1348 maxime
534 1287 666 1348 Naxum
690 1286 843 1361 ferretur,
860 1286 916 1349 ubi
936 1297 1007 1349 tum
1023 1287 1207 1350 Athenien-

152 1402 239 1463 sium
267 1408 338 1463 erat
369 1400 542 1474 exercitus,
572 1398 675 1461 sensit
703 1398 946 1463 Themistocles
969 1409 998 1463 si
1027 1408 1068 1463 ee
1094 1408 1207 1482 perve-
1231 1421 1260 1457 ιο

152 1514 267 1588 nisset,
290 1512 353 1575 sibi
377 1531 451 1574 esse
479 1511 696 1629 pqreundum.
746 1512 822 1574 Hec
849 1511 1047 1575 necessitate
1073 1519 1207 1576 coactus

152 1624 290 1687 domiue
308 1623 401 1687 nevis
423 1623 496 1706 quis
518 1600 701 1705 sit'dperit,
719 1625 821 1686 multa
846 1624 1006 1705 pollicens
1028 1634 1056 1687 si
1077 1632 1113 1687 se
1134 1633 1208 1688 cen-

153 1744 328 1800 servesset.
386 1737 434 1800 At
464 1737 518 1799 ille
550 1736 723 1799 clerissimi
752 1737 813 1799 viri
839 1746 958 1818 captus
986 1736 1210 1801 misericordie

153 1849 243 1911 diem
259 1858 459 1929 noctemque
473 1778 588 1929 prs-‘air
604 1846 646 1909 ab
662 1848 772 1910 insule
788 1826 827 1909 in'
839 1814 1043 1911 s‘iloaiavem
1056 1848 1162 1911 tenuit
1174 1848 1208 1910 in

154 1970 294 2037 ancoris,
311 1980 420 2043 neque
437 1979 637 2042 quemquam
659 1979 701 2022 ex
721 1967 761 2022 ee
776 1969 863 2023 exire
880 1932 1006 2042 pas¹slis
1016 1954 1074 2023 est.
1124 1961 1208 2024 Inde
1233 1986 1261 2039 15

156 2073 331 2156 Ephesum
355 2072 506 2155 pervenit
530 2071 641 2154 ibique
665 2072 926 2135 Themistoclem
954 2072 1098 2154 expenit.
1121 2129 1123 2132 .
1147 2074 1209 2137 Cui

154 2186 210 2249 ille
227 2194 287 2268 pre
303 2187 428 2249 meritis
445 2191 562 2267 postee
578 2184 719 2266 gretiam
736 2185 870 2248 rettulit.

184 2418 368 2466 Themistocles
384 2419 460 2465 sends
476 2429 492 2464 a
505 2417 585 2464 letter
598 2418 643 2538 tpn
640 2416 709 2476 King
724 2416 880 2464 Artaxerxes
895 2416 999 2476 offering
1016 2417 1057 2464 liis
1075 2417 1116 2464 aid
1133 2418 1182 2464 and

636 2492 758 2551 'endship

202 2634 262 2697 IX.
296 2632 374 2698 Scie
418 2632 595 2715 pleresque
640 2632 686 2696 ita
732 2632 912 2714 scripsisse,
952 2633 1211 2698 Themistoclem

155 2747 269 2815 Xerxe
297 2754 459 2827 regnante
486 2745 520 2808 in
547 2744 665 2809 Asiam
693 2753 873 2808 transisse
928 2746 995 2810 Sed
1022 2767 1085 2827 ego
1112 2749 1212 2829 potis-

2 2865 7 2886 ·
122 2814 484 2947 rsllriimi‘Thucydidi
500 2858 608 2934 crede,
627 2858 716 2940 quod
735 2869 769 2921 et
785 2866 893 2921 aetete
915 2860 1084 2940 proximus
1107 2860 1149 2922 de
1172 2861 1211 2923 iis
1234 2884 1264 2920 20

157 2981 215 3054 qui
229 2971 358 3034 illerum
378 2981 565 3053 temporum
592 2971 763 3034 historiam
783 2971 987 3053 reliquerunt
1010 2982 1044 3034 et
1063 2973 1211 3036 eiusdem

156 3083 298 3147 civitetis
318 3085 391 3146 fuit.
440 3085 474 3147 Is
495 3093 606 3147 autem
628 3085 674 3147 ait
694 3084 737 3146 ad
759 3083 967 3146 Artaxerxen
988 3105 1064 3148 eum
1080 3086 1213 3149 venisse

157 3205 257 3278 atque
279 3197 331 3259 his
347 3196 456 3260 verbis
473 3197 650 3277 epistulam
673 3196 820 3259 misisse:
846 3196 1118 3261 “Themistocles
1136 3206 1214 3262 verri

155 3309 200 3371 ad
223 3316 273 3434 te}x
290 3315 350 3391 qui
371 3308 513 3390 plurima
536 3308 624 3371 mala
648 3309 796 3372 omnium
822 3308 994 3372 Greierum
1019 3309 1051 3372 in
1077 3311 1213 3374 domum

156 3431 248 3483 tuam
261 3384 367 3496 rirlffie
382 3422 549 3503 quamdiu
566 3421 647 3484 mihi
659 3442 797 3485 necesse
813 3422 877 3484 fuit
892 3423 1069 3486 adversum
1083 3433 1213 3505 patrem
1237 3459 1249 3493 2
1253 3457 1266 3510 5

155 3543 251 3596 tuum
268 3533 392 3597 bellere
409 3535 616 3616 patriamque
633 3555 742 3597 meam
759 3535 949 3598 defendere.
998 3527 1092 3599 ldem
1109 3530 1215 3601 multe
1324 3592 1329 3602 .

156 3646 255 3727 plera
270 3646 359 3709 bona
375 3646 449 3722 feci,
467 3655 644 3729 postquam
660 3646 693 3709 in
711 3654 784 3709 tute
800 3647 871 3728 ipse
888 3656 922 3710 et
936 3647 991 3710 ille
1010 3647 1043 3709 in
1066 3650 1213 3729 periculo

324 3787 343 3822 D
