<?xml version="1.0" encoding="UTF-8"?>
<!DOCTYPE html PUBLIC "-//W3C//DTD XHTML 1.0 Transitional//EN"
    "http://www.w3.org/TR/xhtml1/DTD/xhtml1-transitional.dtd">
<html xmlns="http://www.w3.org/1999/xhtml" xml:lang="en" lang="en">
 <head>
  <title>
</title>
<meta http-equiv="Content-Type" content="text/html;charset=utf-8" />
  <meta name='ocr-system' content='tesseract 3.04.00' />
  <meta name='ocr-capabilities' content='ocr_page ocr_carea ocr_par ocr_line ocrx_word'/>
</head>
<body>
  <div class='ocr_page' id='page_1' title='image "./twentylives00barsgoog_0088.png"; bbox 0 0 2792 4142; ppageno 0'>
   <div class='ocr_carea' id='block_1_1' title="bbox 181 182 859 268">
    <p class='ocr_par' dir='ltr' id='par_1_1' title="bbox 181 182 859 268">
     <span class='ocr_line' id='line_1_1' title="bbox 181 182 859 268; baseline 0.006 -20"><span class='ocrx_word' id='word_1_1' title='bbox 181 182 229 268; x_wconf 86' lang='lat'>64</span> <span class='ocrx_word' id='word_1_2' title='bbox 467 193 700 253; x_wconf 88' lang='lat' dir='ltr'>CORNELIUS</span> <span class='ocrx_word' id='word_1_3' title='bbox 730 195 859 252; x_wconf 87' lang='lat' dir='ltr'>NEPOS</span> 
     </span>
    </p>
   </div>
   <div class='ocr_carea' id='block_1_2' title="bbox 129 376 1233 2034">
    <p class='ocr_par' dir='ltr' id='par_1_2' title="bbox 129 376 1233 2034">
     <span class='ocr_line' id='line_1_2' title="bbox 180 376 1232 462; baseline 0.008 -25"><span class='ocrx_word' id='word_1_4' title='bbox 180 376 269 457; x_wconf 86' lang='lat' dir='ltr'>quod</span> <span class='ocrx_word' id='word_1_5' title='bbox 285 396 377 440; x_wconf 91' lang='lat' dir='ltr'>amor</span> <span class='ocrx_word' id='word_1_6' title='bbox 393 378 512 440; x_wconf 90' lang='lat' dir='ltr'>civium</span> <span class='ocrx_word' id='word_1_7' title='bbox 532 388 565 441; x_wconf 89' lang='lat' dir='ltr'>et</span> <span class='ocrx_word' id='word_1_8' title='bbox 580 387 714 442; x_wconf 78' lang='lat' dir='ltr'>nenvis</span> <span class='ocrx_word' id='word_1_9' title='bbox 731 391 949 462; x_wconf 83' lang='lat' dir='ltr'>expresserat,</span> <span class='ocrx_word' id='word_1_10' title='bbox 966 381 1092 444; x_wconf 82' lang='lat' dir='ltr'>nuliam</span> <span class='ocrx_word' id='word_1_11' title='bbox 1116 383 1232 446; x_wconf 84' lang='lat' dir='ltr'>habuit</span> 
     </span>
     <span class='ocr_line' id='line_1_3' title="bbox 179 487 1233 574; baseline 0.007 -24"><span class='ocrx_word' id='word_1_12' title='bbox 179 487 337 551; x_wconf 91' lang='lat' dir='ltr'>invidiam</span> <span class='ocrx_word' id='word_1_13' title='bbox 368 497 556 573; x_wconf 58' lang='lat' dir='ltr'>magnaque</span> <span class='ocrx_word' id='word_1_14' title='bbox 583 491 647 555; x_wconf 79' lang='lat' dir='ltr'>ruit</span> <span class='ocrx_word' id='word_1_15' title='bbox 679 492 795 573; x_wconf 52' lang='lat' dir='ltr'>gleria,</span> <span class='ocrx_word' id='word_1_16' title='bbox 853 493 944 555; x_wconf 91' lang='lat' dir='ltr'>Bene</span> <span class='ocrx_word' id='word_1_17' title='bbox 976 502 1057 574; x_wconf 83' lang='lat' dir='ltr'>erge</span> <span class='ocrx_word' id='word_1_18' title='bbox 1088 495 1233 558; x_wconf 86' lang='lat' dir='ltr'>Pittacus</span> 
     </span>
     <span class='ocr_line' id='line_1_4' title="bbox 178 601 1233 686; baseline 0.006 -23"><span class='ocrx_word' id='word_1_19' title='bbox 178 601 243 677; x_wconf 90' lang='lat' dir='ltr'>ille,</span> <span class='ocrx_word' id='word_1_20' title='bbox 261 612 318 684; x_wconf 93' lang='lat' dir='ltr'>qui</span> <span class='ocrx_word' id='word_1_21' title='bbox 340 602 373 664; x_wconf 93' lang='lat' dir='ltr'>in</span> <span class='ocrx_word' id='word_1_22' title='bbox 398 613 526 684; x_wconf 89' lang='lat' dir='ltr'>septem</span> <span class='ocrx_word' id='word_1_23' title='bbox 544 604 745 686; x_wconf 90' lang='lat' dir='ltr'>sapientium</span> <span class='ocrx_word' id='word_1_24' title='bbox 761 613 900 668; x_wconf 81' lang='lat' dir='ltr'>numere</span> <span class='ocrx_word' id='word_1_25' title='bbox 921 614 973 668; x_wconf 90' lang='lat' dir='ltr'>est</span> <span class='ocrx_word' id='word_1_26' title='bbox 997 606 1139 681; x_wconf 88' lang='lat' dir='ltr'>habitus,</span> <span class='ocrx_word' id='word_1_27' title='bbox 1157 626 1233 670; x_wconf 92' lang='lat' dir='ltr'>cum</span> 
     </span>
     <span class='ocr_line' id='line_1_5' title="bbox 180 714 1233 798; baseline 0.003 -22"><span class='ocrx_word' id='word_1_28' title='bbox 180 714 376 798; x_wconf 76' lang='lat' dir='ltr'>Mytilenaei</span> <span class='ocrx_word' id='word_1_29' title='bbox 400 716 504 778; x_wconf 89' lang='lat' dir='ltr'>multa</span> <span class='ocrx_word' id='word_1_30' title='bbox 527 715 617 777; x_wconf 91' lang='lat' dir='ltr'>milia</span> <span class='ocrx_word' id='word_1_31' title='bbox 639 714 793 795; x_wconf 78' lang='lat' dir='ltr'>iugerfim</span> <span class='ocrx_word' id='word_1_32' title='bbox 818 724 890 796; x_wconf 86' lang='lat' dir='ltr'>agri</span> <span class='ocrx_word' id='word_1_33' title='bbox 907 724 938 778; x_wconf 94' lang='lat' dir='ltr'>ei</span> <span class='ocrx_word' id='word_1_34' title='bbox 957 721 1087 777; x_wconf 68' lang='lat' dir='ltr'>meineri</span> <span class='ocrx_word' id='word_1_35' title='bbox 1106 716 1233 790; x_wconf 86' lang='lat' dir='ltr'>darent,</span> 
     </span>
     <span class='ocr_line' id='line_1_6' title="bbox 129 826 1233 909; baseline -0.003 -15"><span class='ocrx_word' id='word_1_36' title='bbox 129 842 142 894; x_wconf 84' lang='lat'>5</span> <span class='ocrx_word' id='word_1_37' title='bbox 180 832 199 859; x_wconf 90' lang='lat'><strong>“</strong></span> <span class='ocrx_word' id='word_1_38' title='bbox 211 827 331 903; x_wconf 81' lang='lat' dir='ltr'>Nelite,</span> <span class='ocrx_word' id='word_1_39' title='bbox 348 834 407 890; x_wconf 79' lang='lat' dir='ltr'>ere</span> <span class='ocrx_word' id='word_1_40' title='bbox 422 827 512 902; x_wconf 82' lang='lat' dir='ltr'>ves,”</span> <span class='ocrx_word' id='word_1_41' title='bbox 532 826 648 909; x_wconf 89' lang='lat' dir='ltr'>inquit,</span> <span class='ocrx_word' id='word_1_42' title='bbox 669 831 687 858; x_wconf 88' lang='lat'><strong>“</strong></span> <span class='ocrx_word' id='word_1_43' title='bbox 697 827 731 889; x_wconf 90' lang='lat' dir='ltr'>id</span> <span class='ocrx_word' id='word_1_44' title='bbox 747 826 828 888; x_wconf 90' lang='lat' dir='ltr'>mihi</span> <span class='ocrx_word' id='word_1_45' title='bbox 843 826 923 890; x_wconf 89' lang='lat' dir='ltr'>dare</span> <span class='ocrx_word' id='word_1_46' title='bbox 939 827 1029 909; x_wconf 91' lang='lat' dir='ltr'>quod</span> <span class='ocrx_word' id='word_1_47' title='bbox 1044 828 1140 891; x_wconf 92' lang='lat' dir='ltr'>multi</span> <span class='ocrx_word' id='word_1_48' title='bbox 1153 828 1233 891; x_wconf 89' lang='lat' dir='ltr'>invi-</span> 
     </span>
     <span class='ocr_line' id='line_1_7' title="bbox 178 938 1232 1021; baseline 0.002 -20"><span class='ocrx_word' id='word_1_49' title='bbox 178 939 288 1015; x_wconf 84' lang='lat' dir='ltr'>deant,</span> <span class='ocrx_word' id='word_1_50' title='bbox 307 940 418 1020; x_wconf 78' lang='lat' dir='ltr'>plures</span> <span class='ocrx_word' id='word_1_51' title='bbox 434 939 534 1002; x_wconf 90' lang='lat' dir='ltr'>etiam</span> <span class='ocrx_word' id='word_1_52' title='bbox 550 948 797 1021; x_wconf 87' lang='lat' dir='ltr'>concupiscant.</span> <span class='ocrx_word' id='word_1_53' title='bbox 846 938 922 1021; x_wconf 75' lang='lat' dir='ltr'>Qua</span> <span class='ocrx_word' id='word_1_54' title='bbox 944 948 978 1001; x_wconf 92' lang='lat' dir='ltr'>re</span> <span class='ocrx_word' id='word_1_55' title='bbox 997 959 1038 1001; x_wconf 92' lang='lat' dir='ltr'>ex</span> <span class='ocrx_word' id='word_1_56' title='bbox 1060 939 1132 1003; x_wconf 90' lang='lat' dir='ltr'>istis</span> <span class='ocrx_word' id='word_1_57' title='bbox 1155 942 1232 1004; x_wconf 75' lang='lat' dir='ltr'>mile</span> 
     </span>
     <span class='ocr_line' id='line_1_8' title="bbox 179 1052 1233 1134; baseline 0.001 -20"><span class='ocrx_word' id='word_1_58' title='bbox 179 1052 322 1134; x_wconf 90' lang='lat' dir='ltr'>amplius</span> <span class='ocrx_word' id='word_1_59' title='bbox 352 1072 452 1134; x_wconf 92' lang='lat' dir='ltr'>quam</span> <span class='ocrx_word' id='word_1_60' title='bbox 482 1061 617 1115; x_wconf 91' lang='lat' dir='ltr'>centum</span> <span class='ocrx_word' id='word_1_61' title='bbox 647 1053 773 1133; x_wconf 74' lang='lat' dir='ltr'>legera,</span> <span class='ocrx_word' id='word_1_62' title='bbox 806 1072 891 1133; x_wconf 92' lang='lat' dir='ltr'>quae</span> <span class='ocrx_word' id='word_1_63' title='bbox 922 1062 956 1114; x_wconf 90' lang='lat' dir='ltr'>et</span> <span class='ocrx_word' id='word_1_64' title='bbox 988 1072 1096 1114; x_wconf 90' lang='lat' dir='ltr'>meam</span> <span class='ocrx_word' id='word_1_65' title='bbox 1130 1052 1233 1115; x_wconf 92' lang='lat' dir='ltr'>animi</span> 
     </span>
     <span class='ocr_line' id='line_1_9' title="bbox 179 1163 1232 1248; baseline 0.001 -21"><span class='ocrx_word' id='word_1_66' title='bbox 179 1165 380 1248; x_wconf 78' lang='lat' dir='ltr'>aequitatem</span> <span class='ocrx_word' id='word_1_67' title='bbox 393 1174 427 1228; x_wconf 93' lang='lat' dir='ltr'>et</span> <span class='ocrx_word' id='word_1_68' title='bbox 438 1175 583 1229; x_wconf 90' lang='lat' dir='ltr'>vestram</span> <span class='ocrx_word' id='word_1_69' title='bbox 596 1164 802 1228; x_wconf 77' lang='lat' dir='ltr'>voluntatem</span> <span class='ocrx_word' id='word_1_70' title='bbox 815 1163 993 1228; x_wconf 89' lang='lat' dir='ltr'>indicent.&#39;’</span> <span class='ocrx_word' id='word_1_71' title='bbox 1027 1164 1115 1227; x_wconf 92' lang='lat' dir='ltr'>Nam</span> <span class='ocrx_word' id='word_1_72' title='bbox 1129 1185 1232 1247; x_wconf 87' lang='lat' dir='ltr'>parva</span> 
     </span>
     <span class='ocr_line' id='line_1_10' title="bbox 179 1275 1229 1363; baseline 0.002 -25"><span class='ocrx_word' id='word_1_73' title='bbox 179 1285 318 1340; x_wconf 83' lang='lat' dir='ltr'>mimera</span> <span class='ocrx_word' id='word_1_74' title='bbox 338 1277 476 1363; x_wconf 15' lang='lat' dir='ltr'>duifitina,</span> <span class='ocrx_word' id='word_1_75' title='bbox 493 1275 670 1360; x_wconf 76' lang='lat' dir='ltr'>locupletia</span> <span class='ocrx_word' id='word_1_76' title='bbox 689 1284 756 1339; x_wconf 83' lang='lat' dir='ltr'>nen</span> <span class='ocrx_word' id='word_1_77' title='bbox 777 1275 910 1358; x_wconf 90' lang='lat' dir='ltr'>propria</span> <span class='ocrx_word' id='word_1_78' title='bbox 928 1297 1002 1341; x_wconf 90' lang='lat' dir='ltr'>esse</span> <span class='ocrx_word' id='word_1_79' title='bbox 1018 1284 1229 1340; x_wconf 80' lang='lat' dir='ltr'>censuerunt.</span> 
     </span>
     <span class='ocr_line' id='line_1_11' title="bbox 129 1388 1232 1474; baseline 0.005 -28"><span class='ocrx_word' id='word_1_80' title='bbox 129 1411 158 1447; x_wconf 82' lang='grc' dir='ltr'>ιο</span> <span class='ocrx_word' id='word_1_81' title='bbox 180 1390 243 1452; x_wconf 76' lang='lat' dir='ltr'>illa</span> <span class='ocrx_word' id='word_1_82' title='bbox 261 1390 362 1474; x_wconf 77' lang='lat' dir='ltr'>igitur</span> <span class='ocrx_word' id='word_1_83' title='bbox 377 1397 498 1452; x_wconf 72' lang='lat' dir='ltr'>corene</span> <span class='ocrx_word' id='word_1_84' title='bbox 518 1398 694 1452; x_wconf 88' lang='lat' dir='ltr'>contentus</span> <span class='ocrx_word' id='word_1_85' title='bbox 714 1388 945 1473; x_wconf 75' lang='lat' dir='ltr'>Thrasybitlus</span> <span class='ocrx_word' id='word_1_86' title='bbox 965 1409 1074 1472; x_wconf 91' lang='lat' dir='ltr'>neque</span> <span class='ocrx_word' id='word_1_87' title='bbox 1089 1389 1232 1471; x_wconf 92' lang='lat' dir='ltr'>amplius</span> 
     </span>
     <span class='ocr_line' id='line_1_12' title="bbox 179 1500 1232 1585; baseline 0.002 -22"><span class='ocrx_word' id='word_1_88' title='bbox 179 1502 348 1584; x_wconf 76' lang='lat' dir='ltr'>requisivit</span> <span class='ocrx_word' id='word_1_89' title='bbox 363 1522 471 1584; x_wconf 89' lang='lat' dir='ltr'>neque</span> <span class='ocrx_word' id='word_1_90' title='bbox 488 1522 688 1585; x_wconf 89' lang='lat' dir='ltr'>quemquam</span> <span class='ocrx_word' id='word_1_91' title='bbox 705 1503 830 1566; x_wconf 78' lang='lat' dir='ltr'>honere</span> <span class='ocrx_word' id='word_1_92' title='bbox 847 1509 882 1564; x_wconf 93' lang='lat' dir='ltr'>se</span> <span class='ocrx_word' id='word_1_93' title='bbox 895 1500 1114 1565; x_wconf 88' lang='lat' dir='ltr'>antecessisse</span> <span class='ocrx_word' id='word_1_94' title='bbox 1127 1502 1232 1566; x_wconf 92' lang='lat' dir='ltr'>existi-</span> 
     </span>
     <span class='ocr_line' id='line_1_13' title="bbox 179 1613 1231 1698; baseline 0.001 -22"><span class='ocrx_word' id='word_1_95' title='bbox 179 1615 289 1678; x_wconf 77' lang='lat' dir='ltr'>mavit.</span> <span class='ocrx_word' id='word_1_96' title='bbox 338 1616 405 1679; x_wconf 93' lang='lat' dir='ltr'>Hic</span> <span class='ocrx_word' id='word_1_97' title='bbox 426 1624 579 1698; x_wconf 87' lang='lat' dir='ltr'>sequenti</span> <span class='ocrx_word' id='word_1_98' title='bbox 600 1625 750 1696; x_wconf 90' lang='lat' dir='ltr'>tempore</span> <span class='ocrx_word' id='word_1_99' title='bbox 772 1634 847 1677; x_wconf 92' lang='lat' dir='ltr'>cum</span> <span class='ocrx_word' id='word_1_100' title='bbox 870 1624 1004 1696; x_wconf 90' lang='lat' dir='ltr'>praetor</span> <span class='ocrx_word' id='word_1_101' title='bbox 1025 1613 1166 1678; x_wconf 91' lang='lat' dir='ltr'>classem</span> <span class='ocrx_word' id='word_1_102' title='bbox 1189 1615 1231 1678; x_wconf 93' lang='lat' dir='ltr'>ad</span> 
     </span>
     <span class='ocr_line' id='line_1_14' title="bbox 180 1726 1230 1812; baseline 0.001 -22"><span class='ocrx_word' id='word_1_103' title='bbox 180 1727 328 1791; x_wconf 89' lang='lat' dir='ltr'>Ciliciam</span> <span class='ocrx_word' id='word_1_104' title='bbox 348 1728 532 1811; x_wconf 87' lang='lat' dir='ltr'>appulisset</span> <span class='ocrx_word' id='word_1_105' title='bbox 551 1747 660 1812; x_wconf 90' lang='lat' dir='ltr'>neque</span> <span class='ocrx_word' id='word_1_106' title='bbox 679 1726 760 1790; x_wconf 90' lang='lat' dir='ltr'>satis</span> <span class='ocrx_word' id='word_1_107' title='bbox 780 1728 956 1809; x_wconf 87' lang='lat' dir='ltr'>diligenter</span> <span class='ocrx_word' id='word_1_108' title='bbox 974 1727 1008 1790; x_wconf 93' lang='lat' dir='ltr'>in</span> <span class='ocrx_word' id='word_1_109' title='bbox 1027 1736 1144 1791; x_wconf 90' lang='lat' dir='ltr'>castris</span> <span class='ocrx_word' id='word_1_110' title='bbox 1161 1728 1230 1791; x_wconf 91' lang='lat' dir='ltr'>eius</span> 
     </span>
     <span class='ocr_line' id='line_1_15' title="bbox 179 1839 1230 1922; baseline 0.001 -19"><span class='ocrx_word' id='word_1_111' title='bbox 179 1850 357 1922; x_wconf 87' lang='lat' dir='ltr'>agerentur</span> <span class='ocrx_word' id='word_1_112' title='bbox 372 1840 515 1922; x_wconf 85' lang='lat' dir='ltr'>vigiliae,</span> <span class='ocrx_word' id='word_1_113' title='bbox 533 1848 552 1902; x_wconf 77' lang='lat' dir='ltr'>a</span> <span class='ocrx_word' id='word_1_114' title='bbox 571 1839 720 1903; x_wconf 89' lang='lat' dir='ltr'>barbaris</span> <span class='ocrx_word' id='word_1_115' title='bbox 739 1860 779 1903; x_wconf 90' lang='lat' dir='ltr'>ex</span> <span class='ocrx_word' id='word_1_116' title='bbox 798 1839 923 1922; x_wconf 63' lang='lat' dir='ltr'>oppidi&gt;</span> <span class='ocrx_word' id='word_1_117' title='bbox 939 1847 1038 1904; x_wconf 80' lang='lat' dir='ltr'>noctti</span> <span class='ocrx_word' id='word_1_118' title='bbox 1057 1839 1230 1922; x_wconf 76' lang='lat' dir='ltr'>eruptiene</span> 
     </span>
     <span class='ocr_line' id='line_1_16' title="bbox 130 1951 838 2034; baseline -0.001 -18"><span class='ocrx_word' id='word_1_119' title='bbox 130 1980 159 2034; x_wconf 77' lang='lat'>15</span> <span class='ocrx_word' id='word_1_120' title='bbox 180 1953 270 2016; x_wconf 72' lang='lat' dir='ltr'>facte</span> <span class='ocrx_word' id='word_1_121' title='bbox 286 1952 320 2015; x_wconf 94' lang='lat' dir='ltr'>in</span> <span class='ocrx_word' id='word_1_122' title='bbox 336 1951 551 2016; x_wconf 73' lang='lat' dir='ltr'>tabernecule</span> <span class='ocrx_word' id='word_1_123' title='bbox 567 1952 763 2015; x_wconf 87' lang='lat' dir='ltr'>interiectus</span> <span class='ocrx_word' id='word_1_124' title='bbox 779 1961 838 2016; x_wconf 89' lang='lat' dir='ltr'>est.</span> 
     </span>
    </p>
   </div>
   <div class='ocr_carea' id='block_1_3' title="bbox 636 2218 774 2246">
    <p class='ocr_par' dir='ltr' id='par_1_3' title="bbox 636 2218 774 2246">
     <span class='ocr_line' id='line_1_17' title="bbox 636 2218 774 2246; baseline 0 0"><span class='ocrx_word' id='word_1_125' title='bbox 636 2218 774 2246; x_wconf 72' lang='lat'>—000—-</span> 
     </span>
    </p>
   </div>
   <div class='ocr_carea' id='block_1_4' title="bbox 606 2428 801 2500">
    <p class='ocr_par' dir='ltr' id='par_1_4' title="bbox 606 2428 801 2500">
     <span class='ocr_line' id='line_1_18' title="bbox 606 2428 801 2500; baseline 0 0"><span class='ocrx_word' id='word_1_126' title='bbox 606 2428 801 2500; x_wconf 90' lang='lat' dir='ltr'>CONON</span> 
     </span>
    </p>
   </div>
   <div class='ocr_carea' id='block_1_5' title="bbox 179 2622 1232 2760">
    <p class='ocr_par' dir='ltr' id='par_1_5' title="bbox 179 2622 1232 2760">
     <span class='ocr_line' id='line_1_19' title="bbox 179 2622 1232 2683; baseline -0.005 -9"><span class='ocrx_word' id='word_1_127' title='bbox 179 2627 258 2675; x_wconf 80' lang='lat' dir='ltr'>conon</span> <span class='ocrx_word' id='word_1_128' title='bbox 274 2626 340 2673; x_wconf 79' lang='lat' dir='ltr'>wins</span> <span class='ocrx_word' id='word_1_129' title='bbox 356 2637 456 2672; x_wconf 85' lang='lat' dir='ltr'>renown</span> <span class='ocrx_word' id='word_1_130' title='bbox 473 2625 499 2671; x_wconf 81' lang='lat' dir='ltr'>in</span> <span class='ocrx_word' id='word_1_131' title='bbox 513 2626 558 2672; x_wconf 87' lang='lat' dir='ltr'>the</span> <span class='ocrx_word' id='word_1_132' title='bbox 573 2624 771 2683; x_wconf 80' lang='lat' dir='ltr'>Peloponnesisn</span> <span class='ocrx_word' id='word_1_133' title='bbox 789 2637 850 2670; x_wconf 81' lang='lat' dir='ltr'>war.</span> <span class='ocrx_word' id='word_1_134' title='bbox 884 2622 938 2670; x_wconf 81' lang='lat' dir='ltr'>Had</span> <span class='ocrx_word' id='word_1_135' title='bbox 957 2624 989 2670; x_wconf 84' lang='lat' dir='ltr'>he</span> <span class='ocrx_word' id='word_1_136' title='bbox 1005 2623 1067 2671; x_wconf 83' lang='lat' dir='ltr'>been</span> <span class='ocrx_word' id='word_1_137' title='bbox 1083 2624 1186 2683; x_wconf 79' lang='lat' dir='ltr'>present</span> <span class='ocrx_word' id='word_1_138' title='bbox 1203 2623 1232 2669; x_wconf 83' lang='lat' dir='ltr'>et</span> 
     </span>
     <span class='ocr_line' id='line_1_20' title="bbox 271 2697 1109 2760; baseline -0.004 -13"><span class='ocrx_word' id='word_1_139' title='bbox 271 2700 459 2760; x_wconf 79' lang='lat' dir='ltr'>Aegospotami,</span> <span class='ocrx_word' id='word_1_140' title='bbox 475 2701 520 2746; x_wconf 86' lang='lat' dir='ltr'>the</span> <span class='ocrx_word' id='word_1_141' title='bbox 535 2699 617 2746; x_wconf 78' lang='lat' dir='ltr'>result</span> <span class='ocrx_word' id='word_1_142' title='bbox 632 2699 716 2759; x_wconf 80' lang='lat' dir='ltr'>might</span> <span class='ocrx_word' id='word_1_143' title='bbox 731 2699 814 2759; x_wconf 82' lang='lat' dir='ltr'>easily</span> <span class='ocrx_word' id='word_1_144' title='bbox 829 2700 895 2745; x_wconf 79' lang='lat' dir='ltr'>have</span> <span class='ocrx_word' id='word_1_145' title='bbox 909 2699 971 2745; x_wconf 86' lang='lat' dir='ltr'>been</span> <span class='ocrx_word' id='word_1_146' title='bbox 986 2697 1109 2745; x_wconf 71' lang='lat' dir='ltr'>different.</span> 
     </span>
    </p>
   </div>
   <div class='ocr_carea' id='block_1_6' title="bbox 128 2850 1273 3724">
    <p class='ocr_par' dir='ltr' id='par_1_6' title="bbox 179 2850 1273 3272">
     <span class='ocr_line' id='line_1_21' title="bbox 224 2850 1233 2933; baseline -0.004 -16"><span class='ocrx_word' id='word_1_147' title='bbox 224 2855 250 2917; x_wconf 86' lang='grc' dir='ltr'>Ι,</span> <span class='ocrx_word' id='word_1_148' title='bbox 284 2854 400 2917; x_wconf 81' lang='lat' dir='ltr'>Conen</span> <span class='ocrx_word' id='word_1_149' title='bbox 416 2852 635 2915; x_wconf 72' lang='lat' dir='ltr'>Atheniensis</span> <span class='ocrx_word' id='word_1_150' title='bbox 660 2851 903 2933; x_wconf 76' lang='lat' dir='ltr'>Peloponnesit&#39;)</span> <span class='ocrx_word' id='word_1_151' title='bbox 923 2850 1011 2914; x_wconf 79' lang='lat' dir='ltr'>belle</span> <span class='ocrx_word' id='word_1_152' title='bbox 1031 2851 1171 2914; x_wconf 90' lang='lat' dir='ltr'>accessit</span> <span class='ocrx_word' id='word_1_153' title='bbox 1190 2850 1233 2912; x_wconf 92' lang='lat' dir='ltr'>ad</span> 
     </span>
     <span class='ocr_line' id='line_1_22' title="bbox 179 2945 1273 3048; baseline -0.005 -18"><span class='ocrx_word' id='word_1_154' title='bbox 179 2987 248 3030; x_wconf 91' lang='lat' dir='ltr'>rem</span> <span class='ocrx_word' id='word_1_155' title='bbox 273 2965 450 3048; x_wconf 79' lang='lat' dir='ltr'>publicam,</span> <span class='ocrx_word' id='word_1_156' title='bbox 474 2967 509 3027; x_wconf 90' lang='lat' dir='ltr'>in</span> <span class='ocrx_word' id='word_1_157' title='bbox 533 2973 639 3047; x_wconf 78' lang='lat' dir='ltr'>eeque</span> <span class='ocrx_word' id='word_1_158' title='bbox 663 2964 733 3027; x_wconf 92' lang='lat' dir='ltr'>eius</span> <span class='ocrx_word' id='word_1_159' title='bbox 757 2984 860 3046; x_wconf 90' lang='lat' dir='ltr'>opera</span> <span class='ocrx_word' id='word_1_160' title='bbox 884 2971 998 3045; x_wconf 75' lang='lat' dir='ltr'>magni</span> <span class='ocrx_word' id='word_1_161' title='bbox 1024 2964 1095 3026; x_wconf 88' lang='lat' dir='ltr'>init.</span> <span class='ocrx_word' id='word_1_162' title='bbox 1144 2963 1233 3025; x_wconf 95' lang='lat' dir='ltr'>Nam</span> <span class='ocrx_word' id='word_1_163' title='bbox 1269 2945 1273 2950; x_wconf 29' lang='lat'><strong>⁴</strong></span> 
     </span>
     <span class='ocr_line' id='line_1_23' title="bbox 179 3076 1233 3160; baseline -0.004 -18"><span class='ocrx_word' id='word_1_164' title='bbox 179 3089 212 3142; x_wconf 93' lang='lat' dir='ltr'>et</span> <span class='ocrx_word' id='word_1_165' title='bbox 234 3087 366 3160; x_wconf 91' lang='lat' dir='ltr'>praetor</span> <span class='ocrx_word' id='word_1_166' title='bbox 382 3076 592 3159; x_wconf 89' lang='lat' dir='ltr'>pedestribus</span> <span class='ocrx_word' id='word_1_167' title='bbox 613 3076 812 3140; x_wconf 86' lang='lat' dir='ltr'>exercitibus</span> <span class='ocrx_word' id='word_1_168' title='bbox 832 3076 977 3158; x_wconf 85' lang='lat' dir='ltr'>praefuit</span> <span class='ocrx_word' id='word_1_169' title='bbox 994 3086 1026 3139; x_wconf 90' lang='lat' dir='ltr'>et</span> <span class='ocrx_word' id='word_1_170' title='bbox 1043 3077 1233 3158; x_wconf 89' lang='lat' dir='ltr'>praelectus</span> 
     </span>
     <span class='ocr_line' id='line_1_24' title="bbox 179 3188 1235 3272; baseline -0.003 -19"><span class='ocrx_word' id='word_1_171' title='bbox 179 3190 294 3254; x_wconf 90' lang='lat' dir='ltr'>classis</span> <span class='ocrx_word' id='word_1_172' title='bbox 317 3197 457 3272; x_wconf 59' lang='lat' dir='ltr'>magnes</span> <span class='ocrx_word' id='word_1_173' title='bbox 482 3200 564 3252; x_wconf 88' lang='lat' dir='ltr'>mari</span> <span class='ocrx_word' id='word_1_174' title='bbox 586 3197 639 3252; x_wconf 92' lang='lat' dir='ltr'>res</span> <span class='ocrx_word' id='word_1_175' title='bbox 662 3188 775 3270; x_wconf 84' lang='lat' dir='ltr'>gessit.</span> <span class='ocrx_word' id='word_1_176' title='bbox 824 3190 918 3271; x_wconf 75' lang='lat' dir='ltr'>Ques</span> <span class='ocrx_word' id='word_1_177' title='bbox 940 3188 982 3251; x_wconf 88' lang='lat' dir='ltr'>ob</span> <span class='ocrx_word' id='word_1_178' title='bbox 1004 3196 1121 3251; x_wconf 77' lang='lat' dir='ltr'>causas</span> <span class='ocrx_word' id='word_1_179' title='bbox 1143 3209 1235 3270; x_wconf 91' lang='lat' dir='ltr'>prae-</span> 
     </span>
    </p>

    <p class='ocr_par' dir='ltr' id='par_1_7' title="bbox 128 3300 1236 3724">
     <span class='ocr_line' id='line_1_25' title="bbox 128 3300 1234 3385; baseline 0 -22"><span class='ocrx_word' id='word_1_180' title='bbox 128 3329 158 3364; x_wconf 91' lang='lat'>20</span> <span class='ocrx_word' id='word_1_181' title='bbox 178 3303 296 3385; x_wconf 91' lang='lat' dir='ltr'>cipuus</span> <span class='ocrx_word' id='word_1_182' title='bbox 321 3312 353 3365; x_wconf 91' lang='lat' dir='ltr'>ei</span> <span class='ocrx_word' id='word_1_183' title='bbox 376 3304 482 3365; x_wconf 80' lang='lat' dir='ltr'>hones</span> <span class='ocrx_word' id='word_1_184' title='bbox 510 3300 642 3364; x_wconf 91' lang='lat' dir='ltr'>habitus</span> <span class='ocrx_word' id='word_1_185' title='bbox 669 3312 728 3365; x_wconf 92' lang='lat' dir='ltr'>est.</span> <span class='ocrx_word' id='word_1_186' title='bbox 787 3301 941 3383; x_wconf 90' lang='lat' dir='ltr'>Namque</span> <span class='ocrx_word' id='word_1_187' title='bbox 969 3300 1123 3364; x_wconf 89' lang='lat' dir='ltr'>omnibus</span> <span class='ocrx_word' id='word_1_188' title='bbox 1148 3308 1234 3363; x_wconf 73' lang='lat' dir='ltr'>rinus</span> 
     </span>
     <span class='ocr_line' id='line_1_26' title="bbox 178 3414 1234 3498; baseline -0.006 -19"><span class='ocrx_word' id='word_1_189' title='bbox 178 3416 296 3479; x_wconf 91' lang='lat' dir='ltr'>insulis</span> <span class='ocrx_word' id='word_1_190' title='bbox 318 3415 473 3498; x_wconf 81' lang='lat' dir='ltr'>praefuit,</span> <span class='ocrx_word' id='word_1_191' title='bbox 490 3416 523 3476; x_wconf 94' lang='lat' dir='ltr'>in</span> <span class='ocrx_word' id='word_1_192' title='bbox 541 3422 606 3496; x_wconf 77' lang='lat' dir='ltr'>que</span> <span class='ocrx_word' id='word_1_193' title='bbox 626 3422 791 3496; x_wconf 76' lang='lat' dir='ltr'>potestate</span> <span class='ocrx_word' id='word_1_194' title='bbox 815 3415 938 3477; x_wconf 74' lang='lat' dir='ltr'>Pheras</span> <span class='ocrx_word' id='word_1_195' title='bbox 956 3416 1053 3495; x_wconf 91' lang='lat' dir='ltr'>cepit,</span> <span class='ocrx_word' id='word_1_196' title='bbox 1071 3414 1234 3477; x_wconf 79' lang='lat' dir='ltr'>coleniam</span> 
     </span>
     <span class='ocr_line' id='line_1_27' title="bbox 181 3526 1236 3613; baseline -0.006 -21"><span class='ocrx_word' id='word_1_197' title='bbox 181 3526 530 3613; x_wconf 78' lang='lat' dir='ltr'>Lacedaemonierum.</span> <span class='ocrx_word' id='word_1_198' title='bbox 590 3529 667 3590; x_wconf 89' lang='lat' dir='ltr'>Fuit</span> <span class='ocrx_word' id='word_1_199' title='bbox 690 3526 790 3590; x_wconf 89' lang='lat' dir='ltr'>etiam</span> <span class='ocrx_word' id='word_1_200' title='bbox 817 3533 965 3590; x_wconf 82' lang='lat' dir='ltr'>extreme</span> <span class='ocrx_word' id='word_1_201' title='bbox 993 3526 1236 3608; x_wconf 71' lang='lat' dir='ltr'>Peloponnesii&gt;</span> 
     </span>
     <span class='ocr_line' id='line_1_28' title="bbox 179 3636 1234 3724; baseline -0.007 -19"><span class='ocrx_word' id='word_1_202' title='bbox 179 3642 268 3706; x_wconf 81' lang='lat' dir='ltr'>belle</span> <span class='ocrx_word' id='word_1_203' title='bbox 293 3650 435 3724; x_wconf 80' lang='lat' dir='ltr'>praetor,</span> <span class='ocrx_word' id='word_1_204' title='bbox 461 3660 536 3702; x_wconf 93' lang='lat' dir='ltr'>cum</span> <span class='ocrx_word' id='word_1_205' title='bbox 562 3640 651 3721; x_wconf 91' lang='lat' dir='ltr'>apud</span> <span class='ocrx_word' id='word_1_206' title='bbox 679 3640 797 3721; x_wconf 87' lang='lat' dir='ltr'>Aegos</span> <span class='ocrx_word' id='word_1_207' title='bbox 824 3639 948 3702; x_wconf 76' lang='lat' dir='ltr'>fiflmen</span> <span class='ocrx_word' id='word_1_208' title='bbox 983 3639 1098 3721; x_wconf 81' lang='lat' dir='ltr'>cepiae</span> <span class='ocrx_word' id='word_1_209' title='bbox 1130 3636 1234 3699; x_wconf 85' lang='lat' dir='ltr'>Athe-</span> 
     </span>
    </p>
   </div>
   <div class='ocr_carea' id='block_1_7' title="bbox 0 0 1400 4142">
    <p class='ocr_par' dir='ltr' id='par_1_8' title="bbox 0 0 1400 4142">
     <span class='ocr_line' id='line_1_29' title="bbox 0 0 1400 4142; baseline 0 0"><span class='ocrx_word' id='word_1_210' title='bbox 0 0 1400 4142; x_wconf 95' lang='lat' dir='ltr'> </span> 
     </span>
    </p>
   </div>
  </div>
 </body>
</html>
