<?xml version="1.0" encoding="UTF-8"?>
<!DOCTYPE html PUBLIC "-//W3C//DTD XHTML 1.0 Transitional//EN"
    "http://www.w3.org/TR/xhtml1/DTD/xhtml1-transitional.dtd">
<html xmlns="http://www.w3.org/1999/xhtml" xml:lang="en" lang="en">
 <head>
  <title>
</title>
<meta http-equiv="Content-Type" content="text/html;charset=utf-8" />
  <meta name='ocr-system' content='tesseract 3.04.00' />
  <meta name='ocr-capabilities' content='ocr_page ocr_carea ocr_par ocr_line ocrx_word'/>
</head>
<body>
  <div class='ocr_page' id='page_1' title='image "./twentylives00barsgoog_0152.png"; bbox 0 0 2792 4142; ppageno 0'>
   <div class='ocr_carea' id='block_1_1' title="bbox 409 185 1849 265">
    <p class='ocr_par' dir='ltr' id='par_1_1' title="bbox 409 185 1849 265">
     <span class='ocr_line' id='line_1_1' title="bbox 409 185 1849 265; baseline 0.008 -12"><span class='ocrx_word' id='word_1_1' title='bbox 409 207 435 253; x_wconf 92' lang='lat'>1</span> <span class='ocrx_word' id='word_1_2' title='bbox 453 185 543 256; x_wconf 88' lang='lat'><strong>26</strong></span> <span class='ocrx_word' id='word_1_3' title='bbox 1059 202 1530 263; x_wconf 90' lang='lat' dir='ltr'>CORNELIUS</span> <span class='ocrx_word' id='word_1_4' title='bbox 1591 207 1849 265; x_wconf 92' lang='lat' dir='ltr'>NEPOS</span> 
     </span>
    </p>
   </div>
   <div class='ocr_carea' id='block_1_2' title="bbox 397 385 2510 701">
    <p class='ocr_par' dir='ltr' id='par_1_2' title="bbox 397 385 2510 701">
     <span class='ocr_line' id='line_1_2' title="bbox 398 385 2510 474; baseline 0.008 -29"><span class='ocrx_word' id='word_1_5' title='bbox 398 385 608 464; x_wconf 88' lang='lat' dir='ltr'>possit</span> <span class='ocrx_word' id='word_1_6' title='bbox 644 397 937 468; x_wconf 91' lang='lat' dir='ltr'><strong>quantus</strong></span> <span class='ocrx_word' id='word_1_7' title='bbox 967 389 1080 453; x_wconf 90' lang='lat' dir='ltr'><strong>ille</strong></span> <span class='ocrx_word' id='word_1_8' title='bbox 1118 391 1356 454; x_wconf 80' lang='lat' dir='ltr'><strong>fuerit:</strong></span> <span class='ocrx_word' id='word_1_9' title='bbox 1405 413 1603 474; x_wconf 90' lang='lat' dir='ltr'><strong>quam</strong></span> <span class='ocrx_word' id='word_1_10' title='bbox 1644 394 1755 457; x_wconf 77' lang='lat' dir='ltr'><strong>diu</strong></span> <span class='ocrx_word' id='word_1_11' title='bbox 1794 395 1861 458; x_wconf 92' lang='lat' dir='ltr'><strong>in</strong></span> <span class='ocrx_word' id='word_1_12' title='bbox 1902 386 2096 459; x_wconf 68' lang='lat' dir='ltr'><strong>italie</strong></span> <span class='ocrx_word' id='word_1_13' title='bbox 2129 397 2275 474; x_wconf 85' lang='lat' dir='ltr'><strong>fuit,</strong></span> <span class='ocrx_word' id='word_1_14' title='bbox 2311 406 2510 462; x_wconf 79' lang='lat' dir='ltr'><strong>neme</strong></span> 
     </span>
     <span class='ocr_line' id='line_1_3' title="bbox 397 496 2507 589; baseline 0.008 -31"><span class='ocrx_word' id='word_1_15' title='bbox 397 505 458 558; x_wconf 77' lang='lat' dir='ltr'><strong>ei</strong></span> <span class='ocrx_word' id='word_1_16' title='bbox 497 496 564 559; x_wconf 92' lang='lat' dir='ltr'><strong>in</strong></span> <span class='ocrx_word' id='word_1_17' title='bbox 607 498 749 561; x_wconf 88' lang='lat' dir='ltr'><strong>acie</strong></span> <span class='ocrx_word' id='word_1_18' title='bbox 790 501 1048 577; x_wconf 84' lang='lat' dir='ltr'><strong>restitit,</strong></span> <span class='ocrx_word' id='word_1_19' title='bbox 1089 511 1287 566; x_wconf 81' lang='lat' dir='ltr'><strong>neme</strong></span> <span class='ocrx_word' id='word_1_20' title='bbox 1329 504 1649 569; x_wconf 89' lang='lat' dir='ltr'><strong>adversus</strong></span> <span class='ocrx_word' id='word_1_21' title='bbox 1690 527 1842 571; x_wconf 88' lang='lat' dir='ltr'><strong>eum</strong></span> <span class='ocrx_word' id='word_1_22' title='bbox 1887 518 2039 589; x_wconf 93' lang='lat' dir='ltr'><strong>post</strong></span> <span class='ocrx_word' id='word_1_23' title='bbox 2083 509 2507 574; x_wconf 90' lang='lat' dir='ltr'><strong>Cannensem</strong></span> 
     </span>
     <span class='ocr_line' id='line_1_4' title="bbox 398 611 1593 701; baseline 0.009 -32"><span class='ocrx_word' id='word_1_24' title='bbox 398 615 693 691; x_wconf 76' lang='lat' dir='ltr'><strong>pfignam</strong></span> <span class='ocrx_word' id='word_1_25' title='bbox 727 611 795 674; x_wconf 92' lang='lat' dir='ltr'><strong>in</strong></span> <span class='ocrx_word' id='word_1_26' title='bbox 829 623 1069 701; x_wconf 79' lang='lat' dir='ltr'><strong>campe</strong></span> <span class='ocrx_word' id='word_1_27' title='bbox 1100 625 1321 679; x_wconf 88' lang='lat' dir='ltr'><strong>castra</strong></span> <span class='ocrx_word' id='word_1_28' title='bbox 1353 617 1593 697; x_wconf 86' lang='lat' dir='ltr'><strong>posuit.</strong></span> 
     </span>
    </p>
   </div>
   <div class='ocr_carea' id='block_1_3' title="bbox 1205 840 1687 902">
    <p class='ocr_par' dir='ltr' id='par_1_3' title="bbox 1205 840 1687 902">
     <span class='ocr_line' id='line_1_5' title="bbox 1205 840 1687 902; baseline 0.004 -16"><span class='ocrx_word' id='word_1_29' title='bbox 1205 840 1277 886; x_wconf 81' lang='lat' dir='ltr'><strong>He</strong></span> <span class='ocrx_word' id='word_1_30' title='bbox 1307 842 1476 889; x_wconf 79' lang='lat' dir='ltr'><strong>meets</strong></span> <span class='ocrx_word' id='word_1_31' title='bbox 1506 842 1687 902; x_wconf 80' lang='lat' dir='ltr'><strong>Scipio.</strong></span> 
     </span>
    </p>
   </div>
   <div class='ocr_carea' id='block_1_4' title="bbox 270 973 2531 3306">
    <p class='ocr_par' dir='ltr' id='par_1_4' title="bbox 1026 973 2531 1964">
     <span class='ocr_line' id='line_1_6' title="bbox 1547 973 2507 1058; baseline 0.003 -22"><span class='ocrx_word' id='word_1_32' title='bbox 1547 973 1666 1036; x_wconf 90' lang='lat' dir='ltr'><strong>VI.</strong></span> <span class='ocrx_word' id='word_1_33' title='bbox 1736 973 1916 1037; x_wconf 91' lang='lat' dir='ltr'><strong>Hinc</strong></span> <span class='ocrx_word' id='word_1_34' title='bbox 2014 975 2299 1039; x_wconf 78' lang='lat' dir='ltr'><strong>invictus</strong></span> <span class='ocrx_word' id='word_1_35' title='bbox 2396 997 2507 1058; x_wconf 89' lang='lat' dir='ltr'><strong>pa-</strong></span> 
     </span>
     <span class='ocr_line' id='line_1_7' title="bbox 1460 1068 2504 1152; baseline 0.004 -4"><span class='ocrx_word' id='word_1_36' title='bbox 1460 1084 1686 1148; x_wconf 90' lang='lat' dir='ltr'><strong>triam·</strong></span> <span class='ocrx_word' id='word_1_37' title='bbox 1732 1086 2083 1150; x_wconf 84' lang='lat' dir='ltr'><strong>defensum</strong></span> <span class='ocrx_word' id='word_1_38' title='bbox 2156 1068 2504 1152; x_wconf 70' lang='lat' dir='ltr'><strong>revocetus</strong></span> 
     </span>
     <span class='ocr_line' id='line_1_8' title="bbox 1459 1197 2498 1293; baseline 0.005 -34"><span class='ocrx_word' id='word_1_39' title='bbox 1459 1197 1705 1293; x_wconf 77' lang='lat' dir='ltr'><strong>bellum</strong></span> <span class='ocrx_word' id='word_1_40' title='bbox 1767 1199 1976 1280; x_wconf 76' lang='lat' dir='ltr'><strong>gessit</strong></span> <span class='ocrx_word' id='word_1_41' title='bbox 2048 1200 2367 1263; x_wconf 87' lang='lat' dir='ltr'><strong>adversus</strong></span> <span class='ocrx_word' id='word_1_42' title='bbox 2432 1201 2498 1264; x_wconf 91' lang='lat' dir='ltr'><strong>P.</strong></span> 
     </span>
     <span class='ocr_line' id='line_1_9' title="bbox 1462 1310 2500 1391; baseline 0.001 -17"><span class='ocrx_word' id='word_1_43' title='bbox 1462 1310 1863 1391; x_wconf 81' lang='lat' dir='ltr'><strong>Scipienem,</strong></span> <span class='ocrx_word' id='word_1_44' title='bbox 1912 1312 2126 1376; x_wconf 83' lang='lat' dir='ltr'><strong>filium</strong></span> <span class='ocrx_word' id='word_1_45' title='bbox 2175 1312 2317 1375; x_wconf 91' lang='lat' dir='ltr'><strong>eius</strong></span> <span class='ocrx_word' id='word_1_46' title='bbox 2368 1313 2500 1377; x_wconf 76' lang='lat' dir='ltr'><strong>Sci-</strong></span> 
     </span>
     <span class='ocr_line' id='line_1_10' title="bbox 1460 1418 2500 1506; baseline 0.003 -22"><span class='ocrx_word' id='word_1_47' title='bbox 1460 1422 1678 1504; x_wconf 80' lang='lat' dir='ltr'><strong>pienis</strong></span> <span class='ocrx_word' id='word_1_48' title='bbox 1699 1418 1896 1505; x_wconf 62' lang='lat' dir='ltr'><strong>quesn</strong></span> <span class='ocrx_word' id='word_1_49' title='bbox 1918 1423 2063 1506; x_wconf 88' lang='lat' dir='ltr'><strong>ipse</strong></span> <span class='ocrx_word' id='word_1_50' title='bbox 2087 1433 2302 1505; x_wconf 80' lang='lat' dir='ltr'><strong>prime</strong></span> <span class='ocrx_word' id='word_1_51' title='bbox 2321 1426 2500 1506; x_wconf 88' lang='lat' dir='ltr'><strong>apud</strong></span> 
     </span>
     <span class='ocr_line' id='line_1_11' title="bbox 1464 1536 2501 1618; baseline 0.002 -20"><span class='ocrx_word' id='word_1_52' title='bbox 1464 1536 1886 1613; x_wconf 86' lang='lat' dir='ltr'>Rhodanum,</span> <span class='ocrx_word' id='word_1_53' title='bbox 1980 1538 2218 1599; x_wconf 88' lang='lat' dir='ltr'><strong>iterum</strong></span> <span class='ocrx_word' id='word_1_54' title='bbox 2320 1537 2501 1618; x_wconf 89' lang='lat' dir='ltr'><strong>apud</strong></span> 
     </span>
     <span class='ocr_line' id='line_1_12' title="bbox 1461 1648 2500 1730; baseline 0.001 -20"><span class='ocrx_word' id='word_1_55' title='bbox 1461 1648 1732 1725; x_wconf 89' lang='lat' dir='ltr'><strong>Padum,</strong></span> <span class='ocrx_word' id='word_1_56' title='bbox 1756 1650 1952 1713; x_wconf 81' lang='lat' dir='ltr'><strong>tertie</strong></span> <span class='ocrx_word' id='word_1_57' title='bbox 1974 1650 2153 1730; x_wconf 89' lang='lat' dir='ltr'><strong>apud</strong></span> <span class='ocrx_word' id='word_1_58' title='bbox 2186 1650 2500 1713; x_wconf 84' lang='lat' dir='ltr'><strong>Trebiam</strong></span> 
     </span>
     <span class='ocr_line' id='line_1_13' title="bbox 1119 1739 2502 1853; baseline 0.001 -31"><span class='ocrx_word' id='word_1_59' title='bbox 1119 1829 1123 1830; x_wconf 8' lang='grc' dir='ltr'><em>γ</em></span> <span class='ocrx_word' id='word_1_60' title='bbox 1292 1834 1332 1853; x_wconf 41' lang='lat'><strong>--</strong></span> <span class='ocrx_word' id='word_1_61' title='bbox 1456 1760 1743 1851; x_wconf 64' lang='lat' dir='ltr'><strong>fugerat.</strong></span> <span class='ocrx_word' id='word_1_62' title='bbox 1810 1761 1979 1825; x_wconf 91' lang='lat' dir='ltr'><strong>Cum</strong></span> <span class='ocrx_word' id='word_1_63' title='bbox 2013 1739 2502 1844; x_wconf 71' lang='lat' dir='ltr'><strong>hec&#39;exhaustis</strong></span> 
     </span>
     <span class='ocr_line' id='line_1_14' title="bbox 1026 1850 2531 1958; baseline 0.002 -24"><span class='ocrx_word' id='word_1_64' title='bbox 1026 1862 1035 1866; x_wconf 58' lang='grc'><em>“</em></span> <span class='ocrx_word' id='word_1_65' title='bbox 1087 1878 1162 1910; x_wconf 90' lang='grc'><strong>’--</strong></span> <span class='ocrx_word' id='word_1_66' title='bbox 1203 1850 1376 1958; x_wconf 50' lang='grc' dir='ltr'>ἶ</span> <span class='ocrx_word' id='word_1_67' title='bbox 1457 1872 1586 1936; x_wconf 90' lang='lat' dir='ltr'><strong>iam</strong></span> <span class='ocrx_word' id='word_1_68' title='bbox 1707 1872 1961 1955; x_wconf 87' lang='lat' dir='ltr'><strong>patriae</strong></span> <span class='ocrx_word' id='word_1_69' title='bbox 2068 1865 2531 1937; x_wconf 58' lang='lat' dir='ltr'><strong>facultatibus*</strong></span> 
     </span>
    </p>

    <p class='ocr_par' dir='ltr' id='par_1_5' title="bbox 938 1970 2502 2628">
     <span class='ocr_line' id='line_1_15' title="bbox 1240 1970 2502 2067; baseline 0.001 -18"><span class='ocrx_word' id='word_1_70' title='bbox 1240 1970 1269 1982; x_wconf 26' lang='grc' dir='ltr'><strong>Σ</strong></span> <span class='ocrx_word' id='word_1_71' title='bbox 1352 1983 1359 1994; x_wconf 66' lang='grc'><strong>“’</strong></span> <span class='ocrx_word' id='word_1_72' title='bbox 1456 1985 1707 2067; x_wconf 82' lang='lat' dir='ltr'><strong>cupivit</strong></span> <span class='ocrx_word' id='word_1_73' title='bbox 1725 1985 2343 2067; x_wconf 59' lang='lat' dir='ltr'><strong>impraesentiarum</strong></span> <span class='ocrx_word' id='word_1_74' title='bbox 2369 1986 2502 2050; x_wconf 94' lang='lat' dir='ltr'><strong>bel-</strong></span> 
     </span>
     <span class='ocr_line' id='line_1_16' title="bbox 1455 2098 2502 2181; baseline 0 -21"><span class='ocrx_word' id='word_1_75' title='bbox 1455 2099 1591 2161; x_wconf 93' lang='lat' dir='ltr'><strong>lum</strong></span> <span class='ocrx_word' id='word_1_76' title='bbox 1638 2107 2055 2179; x_wconf 82' lang='lat' dir='ltr'><strong>compenere,</strong></span> <span class='ocrx_word' id='word_1_77' title='bbox 2104 2107 2238 2181; x_wconf 82' lang='lat' dir='ltr'><strong>que</strong></span> <span class='ocrx_word' id='word_1_78' title='bbox 2281 2098 2502 2162; x_wconf 89' lang='lat' dir='ltr'><strong>valen-</strong></span> 
     </span>
     <span class='ocr_line' id='line_1_17' title="bbox 1455 2211 2493 2292; baseline -0.001 -18"><span class='ocrx_word' id='word_1_79' title='bbox 1455 2211 1582 2274; x_wconf 87' lang='lat' dir='ltr'><strong>tior</strong></span> <span class='ocrx_word' id='word_1_80' title='bbox 1655 2219 1892 2292; x_wconf 69' lang='lat' dir='ltr'><strong>·postee</strong></span> <span class='ocrx_word' id='word_1_81' title='bbox 1959 2211 2493 2292; x_wconf 72' lang='lat' dir='ltr'><strong>congrederetur.</strong></span> 
     </span>
     <span class='ocr_line' id='line_1_18' title="bbox 1457 2322 2498 2405; baseline -0.001 -19"><span class='ocrx_word' id='word_1_82' title='bbox 1457 2324 1626 2387; x_wconf 91' lang='lat' dir='ltr'><strong>Inde</strong></span> <span class='ocrx_word' id='word_1_83' title='bbox 1693 2322 2113 2405; x_wconf 89' lang='lat' dir='ltr'><strong>conloquium</strong></span> <span class='ocrx_word' id='word_1_84' title='bbox 2168 2323 2498 2400; x_wconf 90' lang='lat' dir='ltr'><strong>convenit,</strong></span> 
     </span>
     <span class='ocr_line' id='line_1_19' title="bbox 1456 2435 2496 2500; baseline -0.003 0"><span class='ocrx_word' id='word_1_85' title='bbox 1456 2435 1878 2500; x_wconf 70' lang='lat' dir='ltr'><strong>condiciones</strong></span> <span class='ocrx_word' id='word_1_86' title='bbox 1960 2444 2094 2498; x_wconf 80' lang='lat' dir='ltr'><strong>nen</strong></span> <span class='ocrx_word' id='word_1_87' title='bbox 2176 2442 2496 2498; x_wconf 90' lang='lat' dir='ltr'><strong>convene-</strong></span> 
     </span>
     <span class='ocr_line' id='line_1_20' title="bbox 938 2548 2497 2628; baseline -0.001 -16"><span class='ocrx_word' id='word_1_88' title='bbox 938 2619 951 2626; x_wconf 45' lang='lat'>,</span> <span class='ocrx_word' id='word_1_89' title='bbox 1457 2558 1629 2611; x_wconf 92' lang='lat' dir='ltr'><strong>runt.</strong></span> <span class='ocrx_word' id='word_1_90' title='bbox 1728 2549 1881 2611; x_wconf 90' lang='lat' dir='ltr'><strong>Post</strong></span> <span class='ocrx_word' id='word_1_91' title='bbox 1931 2549 1997 2610; x_wconf 93' lang='lat' dir='ltr'><strong>id</strong></span> <span class='ocrx_word' id='word_1_92' title='bbox 2038 2548 2290 2611; x_wconf 83' lang='lat' dir='ltr'><strong>factum</strong></span> <span class='ocrx_word' id='word_1_93' title='bbox 2339 2568 2497 2628; x_wconf 88' lang='lat' dir='ltr'><strong>pau-</strong></span> 
     </span>
    </p>

    <p class='ocr_par' dir='ltr' id='par_1_6' title="bbox 270 2653 2514 3306">
     <span class='ocr_line' id='line_1_21' title="bbox 386 2653 2514 2744; baseline 0 -20"><span class='ocrx_word' id='word_1_94' title='bbox 386 2671 479 2724; x_wconf 79' lang='lat' dir='ltr'><strong>cis</strong></span> <span class='ocrx_word' id='word_1_95' title='bbox 543 2660 775 2724; x_wconf 90' lang='lat' dir='ltr'><strong>diebus</strong></span> <span class='ocrx_word' id='word_1_96' title='bbox 838 2663 1016 2744; x_wconf 94' lang='lat' dir='ltr'><strong>apud</strong></span> <span class='ocrx_word' id='word_1_97' title='bbox 1066 2664 1338 2726; x_wconf 90' lang='lat' dir='ltr'><strong>Zamam</strong></span> <span class='ocrx_word' id='word_1_98' title='bbox 1388 2684 1540 2727; x_wconf 94' lang='lat' dir='ltr'><strong>cum</strong></span> <span class='ocrx_word' id='word_1_99' title='bbox 1589 2663 1820 2727; x_wconf 79' lang='lat' dir='ltr'><strong>eedem</strong></span> <span class='ocrx_word' id='word_1_100' title='bbox 1872 2662 2199 2738; x_wconf 78' lang='lat' dir='ltr'><strong>cenflixit3</strong></span> <span class='ocrx_word' id='word_1_101' title='bbox 2265 2653 2514 2743; x_wconf 71' lang='lat' dir='ltr'><strong>pulsu&#39;s‘</strong></span> 
     </span>
     <span class='ocr_line' id='line_1_22' title="bbox 270 2773 2494 2856; baseline 0.002 -26"><span class='ocrx_word' id='word_1_102' title='bbox 270 2795 332 2830; x_wconf 86' lang='lat'><strong>20</strong></span> <span class='ocrx_word' id='word_1_103' title='bbox 382 2773 797 2851; x_wconf 90' lang='lat' dir='ltr'><strong>(incredibile</strong></span> <span class='ocrx_word' id='word_1_104' title='bbox 823 2774 1035 2856; x_wconf 72' lang='lat' dir='ltr'><strong>dictu)</strong></span> <span class='ocrx_word' id='word_1_105' title='bbox 1057 2775 1257 2838; x_wconf 80' lang='lat' dir='ltr'><strong>bidue</strong></span> <span class='ocrx_word' id='word_1_106' title='bbox 1282 2786 1347 2839; x_wconf 92' lang='lat' dir='ltr'><strong>et</strong></span> <span class='ocrx_word' id='word_1_107' title='bbox 1381 2775 1642 2838; x_wconf 58' lang='lat' dir='ltr'><strong>duabus</strong></span> <span class='ocrx_word' id='word_1_108' title='bbox 1668 2774 1972 2838; x_wconf 89' lang='lat' dir='ltr'><strong>noctibus</strong></span> <span class='ocrx_word' id='word_1_109' title='bbox 2002 2774 2494 2839; x_wconf 75' lang='lat' dir='ltr'><strong>Hadrflmetum</strong></span> 
     </span>
     <span class='ocr_line' id='line_1_23' title="bbox 385 2856 2493 2968; baseline 0 -20"><span class='ocrx_word' id='word_1_110' title='bbox 385 2887 704 2967; x_wconf 90' lang='lat' dir='ltr'><strong>pervenit,</strong></span> <span class='ocrx_word' id='word_1_111' title='bbox 758 2888 935 2968; x_wconf 93' lang='lat' dir='ltr'><strong>quod</strong></span> <span class='ocrx_word' id='word_1_112' title='bbox 991 2886 1180 2951; x_wconf 93' lang='lat' dir='ltr'><strong>abest</strong></span> <span class='ocrx_word' id='word_1_113' title='bbox 1230 2888 1313 2950; x_wconf 89' lang='lat' dir='ltr'><strong>ab</strong></span> <span class='ocrx_word' id='word_1_114' title='bbox 1372 2890 1579 2951; x_wconf 69' lang='lat' dir='ltr'><strong>Zame</strong></span> <span class='ocrx_word' id='word_1_115' title='bbox 1634 2888 1893 2951; x_wconf 90' lang='lat' dir='ltr'><strong>circiter</strong></span> <span class='ocrx_word' id='word_1_116' title='bbox 1942 2886 2121 2949; x_wconf 83' lang='lat' dir='ltr'><strong>milia</strong></span> <span class='ocrx_word' id='word_1_117' title='bbox 2176 2856 2493 2968; x_wconf 64' lang='lat' dir='ltr'><strong>passuum</strong></span> 
     </span>
     <span class='ocr_line' id='line_1_24' title="bbox 384 2986 2495 3093; baseline 0 -33"><span class='ocrx_word' id='word_1_118' title='bbox 384 3008 697 3061; x_wconf 90' lang='lat' dir='ltr'><strong>trecenta.</strong></span> <span class='ocrx_word' id='word_1_119' title='bbox 761 2986 874 3093; x_wconf 54' lang='lat' dir='ltr'><strong>[In</strong></span> <span class='ocrx_word' id='word_1_120' title='bbox 918 3000 1042 3062; x_wconf 72' lang='lat' dir='ltr'><strong>hec</strong></span> <span class='ocrx_word' id='word_1_121' title='bbox 1086 3000 1656 3091; x_wconf 61' lang='lat' dir='ltr'><strong>fuge..Numidae,</strong></span> <span class='ocrx_word' id='word_1_122' title='bbox 1702 3009 1816 3082; x_wconf 73' lang='lat' dir='ltr'><strong>qui</strong></span> <span class='ocrx_word' id='word_1_123' title='bbox 1862 2999 2055 3062; x_wconf 91' lang='lat' dir='ltr'><strong>simul</strong></span> <span class='ocrx_word' id='word_1_124' title='bbox 2099 3020 2249 3062; x_wconf 92' lang='lat' dir='ltr'><strong>cum</strong></span> <span class='ocrx_word' id='word_1_125' title='bbox 2292 3006 2374 3062; x_wconf 81' lang='lat' dir='ltr'><strong>ee</strong></span> <span class='ocrx_word' id='word_1_126' title='bbox 2414 3018 2495 3060; x_wconf 89' lang='lat' dir='ltr'><strong>ex</strong></span> 
     </span>
     <span class='ocr_line' id='line_1_25' title="bbox 386 3104 2507 3204; baseline 0 -32"><span class='ocrx_word' id='word_1_127' title='bbox 386 3111 526 3173; x_wconf 91' lang='lat' dir='ltr'><strong>acie</strong></span> <span class='ocrx_word' id='word_1_128' title='bbox 550 3112 1312 3188; x_wconf 69' lang='lat' dir='ltr'><strong>excesserant‚insidieti</strong></span> <span class='ocrx_word' id='word_1_129' title='bbox 1345 3124 1501 3176; x_wconf 92' lang='lat' dir='ltr'><strong>sunt</strong></span> <span class='ocrx_word' id='word_1_130' title='bbox 1531 3123 1609 3204; x_wconf 78' lang='lat' dir='ltr'><strong>ei,</strong></span> <span class='ocrx_word' id='word_1_131' title='bbox 1640 3120 1806 3194; x_wconf 81' lang='lat' dir='ltr'><strong>ques</strong></span> <span class='ocrx_word' id='word_1_132' title='bbox 1832 3119 1965 3175; x_wconf 81' lang='lat' dir='ltr'><strong>nen</strong></span> <span class='ocrx_word' id='word_1_133' title='bbox 1993 3112 2205 3174; x_wconf 80' lang='lat' dir='ltr'><strong>selum</strong></span> <span class='ocrx_word' id='word_1_134' title='bbox 2231 3104 2507 3191; x_wconf 61' lang='lat' dir='ltr'><strong>efffigits</strong></span> 
     </span>
     <span class='ocr_line' id='line_1_26' title="bbox 385 3222 2494 3306; baseline -0 -21"><span class='ocrx_word' id='word_1_135' title='bbox 385 3222 504 3285; x_wconf 90' lang='lat' dir='ltr'><strong>sed</strong></span> <span class='ocrx_word' id='word_1_136' title='bbox 551 3222 748 3286; x_wconf 91' lang='lat' dir='ltr'><strong>etiam</strong></span> <span class='ocrx_word' id='word_1_137' title='bbox 798 3223 977 3305; x_wconf 81' lang='lat' dir='ltr'><strong>ipses</strong></span> <span class='ocrx_word' id='word_1_138' title='bbox 1019 3226 1370 3306; x_wconf 90' lang='lat' dir='ltr'><strong>oppressit.</strong></span> <span class='ocrx_word' id='word_1_139' title='bbox 1472 3225 1873 3287; x_wconf 74' lang='lat' dir='ltr'><strong>Hadrumeti</strong></span> <span class='ocrx_word' id='word_1_140' title='bbox 1919 3224 2226 3306; x_wconf 66' lang='lat' dir='ltr'><strong>reliques,</strong></span> <span class='ocrx_word' id='word_1_141' title='bbox 2253 3231 2288 3285; x_wconf 91' lang='lat' dir='ltr'><strong>e</strong></span> <span class='ocrx_word' id='word_1_142' title='bbox 2329 3223 2494 3303; x_wconf 69' lang='lat' dir='ltr'><strong>fuge</strong></span> 
     </span>
    </p>
   </div>
   <div class='ocr_carea' id='block_1_5' title="bbox 394 969 1400 2499">
    <p class='ocr_par' dir='ltr' id='par_1_7' title="bbox 394 969 1400 2499">
     <span class='ocr_line' id='line_1_27' title="bbox 394 969 1400 2499; baseline 0 0"><span class='ocrx_word' id='word_1_143' title='bbox 394 969 1400 2499; x_wconf 95' lang='lat' dir='ltr'><strong> </strong></span> 
     </span>
    </p>
   </div>
   <div class='ocr_carea' id='block_1_6' title="bbox 606 2530 1107 2567">
    <p class='ocr_par' dir='ltr' id='par_1_8' title="bbox 606 2530 1107 2567">
     <span class='ocr_line' id='line_1_28' title="bbox 606 2530 1107 2567; baseline 0.006 -3"><span class='ocrx_word' id='word_1_144' title='bbox 606 2530 772 2565; x_wconf 88' lang='lat' dir='ltr'>SCIPIO</span> <span class='ocrx_word' id='word_1_145' title='bbox 806 2531 1038 2567; x_wconf 82' lang='lat' dir='ltr'>AFRICAN</span> <span class='ocrx_word' id='word_1_146' title='bbox 1047 2531 1107 2567; x_wconf 90' lang='lat' dir='ltr'><strong>US</strong></span> 
     </span>
    </p>
   </div>
   <div class='ocr_carea' id='block_1_7' title="bbox 383 3426 2499 3737">
    <p class='ocr_par' dir='ltr' id='par_1_9' title="bbox 383 3426 2499 3737">
     <span class='ocr_line' id='line_1_29' title="bbox 451 3426 2495 3491; baseline -0.002 -14"><span class='ocrx_word' id='word_1_147' title='bbox 451 3440 497 3490; x_wconf 90' lang='lat'><strong>3.</strong></span> <span class='ocrx_word' id='word_1_148' title='bbox 543 3426 793 3488; x_wconf 76' lang='lat' dir='ltr'><strong>campe:</strong></span> <span class='ocrx_word' id='word_1_149' title='bbox 832 3427 909 3475; x_wconf 79' lang='lat' dir='ltr'><strong>the</strong></span> <span class='ocrx_word' id='word_1_150' title='bbox 943 3435 1081 3490; x_wconf 85' lang='lat' dir='ltr'><strong>open.</strong></span> <span class='ocrx_word' id='word_1_151' title='bbox 1157 3441 1231 3476; x_wconf 90' lang='lat'><strong>12.</strong></span> <span class='ocrx_word' id='word_1_152' title='bbox 1276 3428 1705 3485; x_wconf 67' lang='lat' dir='ltr'><strong>sacffltafibus:</strong></span> <span class='ocrx_word' id='word_1_153' title='bbox 1767 3428 1951 3491; x_wconf 83' lang='lat' dir='ltr'><strong>opibus.</strong></span> <span class='ocrx_word' id='word_1_154' title='bbox 2024 3440 2098 3489; x_wconf 91' lang='lat'><strong>13.</strong></span> <span class='ocrx_word' id='word_1_155' title='bbox 2131 3426 2495 3487; x_wconf 72' lang='lat' dir='ltr'><strong>impraesen-</strong></span> 
     </span>
     <span class='ocr_line' id='line_1_30' title="bbox 383 3510 2495 3575; baseline -0.003 -15"><span class='ocrx_word' id='word_1_156' title='bbox 383 3511 631 3560; x_wconf 65' lang='lat' dir='ltr'><strong>tiarum:</strong></span> <span class='ocrx_word' id='word_1_157' title='bbox 681 3511 774 3575; x_wconf 79' lang='lat' dir='ltr'><strong>fhr</strong></span> <span class='ocrx_word' id='word_1_158' title='bbox 817 3510 894 3558; x_wconf 77' lang='lat' dir='ltr'><strong>tlte</strong></span> <span class='ocrx_word' id='word_1_159' title='bbox 918 3517 1136 3572; x_wconf 82' lang='lat' dir='ltr'><strong>present.</strong></span> <span class='ocrx_word' id='word_1_160' title='bbox 1210 3511 1284 3559; x_wconf 87' lang='lat'><strong>16.</strong></span> <span class='ocrx_word' id='word_1_161' title='bbox 1320 3511 1635 3560; x_wconf 69' lang='lat' dir='ltr'><strong>convenit:</strong></span> <span class='ocrx_word' id='word_1_162' title='bbox 1675 3526 1781 3557; x_wconf 87' lang='lat' dir='ltr'><strong>was</strong></span> <span class='ocrx_word' id='word_1_163' title='bbox 1808 3510 1996 3574; x_wconf 83' lang='lat' dir='ltr'><strong>agreed</strong></span> <span class='ocrx_word' id='word_1_164' title='bbox 2023 3516 2172 3572; x_wconf 84' lang='lat' dir='ltr'><strong>upon.</strong></span> <span class='ocrx_word' id='word_1_165' title='bbox 2247 3520 2320 3570; x_wconf 91' lang='lat'><strong>17.</strong></span> <span class='ocrx_word' id='word_1_166' title='bbox 2357 3519 2495 3555; x_wconf 86' lang='lat' dir='ltr'>con-</span> 
     </span>
     <span class='ocr_line' id='line_1_31' title="bbox 385 3589 2499 3656; baseline -0.002 -12"><span class='ocrx_word' id='word_1_167' title='bbox 385 3593 687 3644; x_wconf 67' lang='lat' dir='ltr'><strong>dieifines:</strong></span> <span class='ocrx_word' id='word_1_168' title='bbox 727 3601 892 3641; x_wconf 81' lang='lat' dir='ltr'><strong>terms.</strong></span> <span class='ocrx_word' id='word_1_169' title='bbox 963 3606 1040 3640; x_wconf 92' lang='lat'><strong>20.</strong></span> <span class='ocrx_word' id='word_1_170' title='bbox 1075 3593 1293 3642; x_wconf 66' lang='lat' dir='ltr'><strong>bidae:</strong></span> <span class='ocrx_word' id='word_1_171' title='bbox 1334 3593 1522 3656; x_wconf 54' lang='lat' dir='ltr'><strong>duo‘btes</strong></span> <span class='ocrx_word' id='word_1_172' title='bbox 1552 3593 1737 3641; x_wconf 83' lang='lat' dir='ltr'><strong>die&#39;bus.</strong></span> <span class='ocrx_word' id='word_1_173' title='bbox 1824 3605 1903 3654; x_wconf 90' lang='lat'><strong>23.</strong></span> <span class='ocrx_word' id='word_1_174' title='bbox 1934 3593 2354 3642; x_wconf 72' lang='lat' dir='ltr'><strong>excesserant:</strong></span> <span class='ocrx_word' id='word_1_175' title='bbox 2392 3589 2499 3639; x_wconf 76' lang='lat' dir='ltr'><strong>had</strong></span> 
     </span>
     <span class='ocr_line' id='line_1_32' title="bbox 384 3675 1575 3737; baseline -0.001 -11"><span class='ocrx_word' id='word_1_176' title='bbox 384 3677 710 3726; x_wconf 82' lang='lat' dir='ltr'><strong>withdrawn.</strong></span> <span class='ocrx_word' id='word_1_177' title='bbox 793 3689 869 3737; x_wconf 86' lang='lat'><strong>24.</strong></span> <span class='ocrx_word' id='word_1_178' title='bbox 916 3675 1304 3724; x_wconf 63' lang='lat' dir='ltr'><strong>Hadrumeti:</strong></span> <span class='ocrx_word' id='word_1_179' title='bbox 1344 3675 1575 3725; x_wconf 87' lang='lat' dir='ltr'><strong>locative.</strong></span> 
     </span>
    </p>
   </div>
  </div>
 </body>
</html>
