2792 4142
586 191 741 249 cortou
1143 178 1187 272 65

135 379 299 441 niansium
324 377 366 440 ab
393 377 569 460 Lysandri>
592 386 670 439 sunt
696 376 855 440 devictae.
904 377 972 441 Sed
998 385 1068 439 tum
1094 374 1188 451 afuit,
1236 399 1238 403 ⁴

134 499 238 572 eaque
262 489 358 570 paius
382 496 433 551 ras
458 488 687 551 administrata
709 498 793 563 est,
811 509 889 551 nam
913 499 946 552 et
971 488 1118 570 prfidans
1143 497 1190 551 rei

134 602 282 664 militaris
301 612 335 665 et
350 601 493 682 diligens
514 611 585 664 erat
608 600 796 682 imperator.
845 602 962 686 Itaque
979 601 1104 663 nemini
1119 610 1190 663 erat

133 717 172 777 iis
199 713 406 796 temporibus
431 706 582 788 dubium,¹
603 723 631 775 si
653 712 938 794 adfuissetillam
970 713 1190 776 Atheniensis
1242 749 1245 754 ·

134 826 356 890 calamitatem
380 833 576 908 accepturas
592 833 667 888 nan
690 825 804 888 fuisse.

132 1050 212 1097 When
226 1051 268 1096 his
281 1052 389 1109 country
399 1050 423 1097 is
435 1050 461 1096 in
475 1050 593 1108 distress,
606 1049 685 1097 Conon
700 1050 864 1108 opponentne
880 1049 990 1108 Spartan
1004 1062 1088 1110 power
1101 1051 1136 1110 by
1150 1050 1190 1097 ob-

214 1125 314 1185 taining
329 1124 451 1171 influente
465 1125 531 1172 with
545 1126 590 1171 the
605 1123 711 1171 Persian
728 1126 816 1183 satrap
832 1123 858 1171 of
872 1124 940 1171 Ionia
955 1126 1003 1171 and
1018 1126 1107 1185 Lydia.

272 1217 282 1239 .

177 1270 223 1331 ΙΙ.
258 1268 372 1332 Rebus
396 1279 507 1333 autem
531 1269 681 1345 adflictis,
702 1289 779 1333 cum
803 1269 945 1352 patriam
969 1270 1112 1334 obsideri
1135 1291 1189 1332 au-

134 1382 245 1457 disset,
268 1389 335 1443 nan
360 1381 524 1463 quaesivit
555 1381 611 1443 ubi
641 1381 715 1463 ipse
744 1389 817 1445 tuta
843 1392 978 1457 viveret,
1011 1383 1070 1445 sed
1100 1383 1189 1446 unde

134 1493 300 1575 praesidia
327 1504 441 1575 posset
466 1514 541 1556 esse
566 1494 694 1557 civibus
719 1505 796 1558 suis.
847 1496 965 1577 Itaque
989 1495 1128 1559 contulit
1153 1503 1189 1558 sa

134 1606 175 1668 ad
201 1605 463 1682 Pharnabazum,
490 1616 656 1689 satrapem
683 1607 798 1671 laniae
821 1617 855 1670 et
882 1607 1008 1690 Lydiae
1034 1608 1189 1671 eundem-

134 1739 198 1800 que
234 1738 395 1799 generum
431 1719 519 1800 regis
555 1729 589 1782 et
623 1720 866 1802 propinquum;
901 1720 991 1801 apud
1022 1741 1120 1802 quem
1153 1730 1188 1783 ut
1212 1752 1241 1787 10

133 1832 273 1895 multum
300 1831 406 1913 gratia
433 1832 567 1908 valeret,
597 1833 702 1896 multa
727 1832 840 1896 labare
871 1833 1049 1915 multisque
1076 1833 1189 1895 effecit

133 1945 295 2026 periculis.
344 1945 433 2007 Nam
460 1965 535 2008 eum
564 1945 822 2008 Lacedaemonii
845 1944 1109 2008 Atheniensibus
1136 1946 1189 2008 de·

132 2067 227 2121 victis
249 2058 283 2119 in
307 2057 467 2121 societate
490 2065 557 2119 nan
581 2064 755 2121 manerent
782 2078 882 2142 quam
906 2078 981 2121 cum
1004 2058 1188 2121 Artaxerxe

132 2171 284 2233 fecerant
311 2170 575 2252 Agesilaumque
605 2170 764 2233 bellatum
796 2170 963 2234 misissent
994 2171 1027 2233 in
1060 2172 1186 2247 Asiam,

133 2282 274 2345 maxime
304 2283 439 2364 impulsi
469 2290 488 2345 a
519 2282 755 2364 Tissapherne,
788 2289 846 2365 qui
875 2303 915 2347 ex
947 2282 1069 2345 intimis
1100 2285 1188 2367 ragis
1215 2301 1243 2354 15

133 2395 175 2458 ab
199 2394 343 2458 amicitia
367 2396 436 2457 aius
461 2394 630 2458 dafacerat
653 2405 687 2458 et
711 2416 787 2459 cum
811 2396 1085 2459 Lacedaemoniis
1107 2397 1189 2460 coie-

125 2516 183 2569 rat
207 2507 409 2583 societatem,
430 2508 518 2571 hunc
543 2508 703 2571 adversus
728 2508 962 2572 Pharnabazus
983 2501 1115 2572 habitus
1137 2520 1189 2573 est

133 2618 322 2701 imperator,
351 2627 391 2681 ra
426 2620 560 2702 quidem
591 2628 669 2683 vara
706 2622 864 2684 exercitui
894 2622 1040 2703 praefuit
1071 2623 1188 2686 Conan

134 2731 271 2816 eiusque
299 2731 411 2795 omnia
437 2732 572 2795 arbitria
603 2742 700 2814 gesta
734 2743 820 2796 sunt.
878 2735 943 2796 Hic
970 2735 1108 2797 multum
1133 2736 1189 2797 du-

134 2863 207 2906 cem
229 2864 396 2906 summum
421 2845 618 2926 Agesilaum
641 2845 813 2927 impedivit
835 2866 1002 2928 saepeque
1024 2847 1094 2910 eius
1114 2856 1189 2911 can·
1210 2881 1241 2916 20

135 2955 215 3018 siliis
247 2956 383 3052 pbstitit,
417 2978 525 3040 neque
556 2965 635 3021 vara
666 2966 733 3020 nan
771 2959 835 3021 fuit
873 2970 1035 3039 apertum,
1068 2970 1096 3022 si
1133 2960 1188 3024 ille

102 3076 201 3144 &nan
244 3068 372 3144 fuisset,
427 3067 624 3150 Agesilaum
664 3070 781 3133 Asiam
824 3072 937 3134 Tauri>
978 3082 1076 3135 tenus
1118 3081 1189 3154 regi

133 3181 237 3243 fuisse
266 3188 466 3263 erepturum.
495 3174 499 3182 ’
530 3182 597 3263 Qui
632 3191 748 3264 postea
775 3205 876 3266 quam
904 3184 1039 3247 domum
1066 3193 1086 3248 a
1120 3196 1188 3248 suis

133 3292 260 3355 civibus
298 3300 473 3357 revocatus
512 3305 572 3370 est,
609 3295 698 3377 quod
738 3297 854 3359 Boeati
892 3307 925 3359 et
963 3297 1188 3362 Athenienses

135 3405 411 3469 Lacedaemoniis
438 3406 561 3469 bellum
586 3406 779 3484 indixerant,
808 3410 924 3472 Com'm
955 3411 1059 3473 nihile
1086 3412 1188 3475 satius
1211 3444 1240 3496 ²5

134 3517 223 3599 apud
245 3518 435 3600 praefectos
450 3518 537 3600 ragis
554 3519 749 3583 versabatur
765 3520 873 3603 iisque
892 3522 1045 3585 omnibus
1065 3532 1188 3606 magna

135 3638 206 3691 erat
222 3637 303 3692 risui.

300 3769 317 3805 F
