2792 4142
214 221 283 289 104
537 214 772 271 CORNELIUS
803 213 931 271 NEPOS

209 415 285 458 cum
314 403 380 458 ana
407 403 521 478 pugna
551 397 666 460 decem
698 397 789 460 milia
819 396 961 461 hostium
991 396 1152 479 Agesilao
1178 399 1263 463 duce

210 507 407 572 cecidissent
431 516 537 590 eoque
563 509 656 572 iacto
679 516 762 592 opes
786 509 1046 572 adversariorum
1074 510 1263 574 debilitatae

210 620 409 697 viderentur,
433 630 564 684 tanturn
587 621 672 684 afuit
698 622 741 684 ab
767 621 943 685 insolentia
970 622 1096 703 gloriae
1120 631 1155 685 ut
1178 642 1264 685 com-

212 732 387 796 miseratus
410 733 452 796 sit
475 733 644 796 fortunam
668 733 837 809 Graeciae,
863 734 952 816 quod
975 744 1042 797 tam
1069 734 1163 796 multi
1184 740 1204 795 a
1227 742 1263 796 se
1310 719 1316 729 ⁵

160 860 174 914 5
211 855 290 909 victi
300 845 380 909 vitio
395 846 658 909 adversariorum
669 845 893 910 concidissent
902 867 909 923 ;
931 866 1075 927 namque
1090 847 1146 923 illa
1158 845 1264 908 multi-

211 958 334 1034 tudine,
358 968 387 1020 si
406 965 487 1020 sana
507 966 602 1021 mans
623 941 722 1035 esset,
745 958 904 1022 Graeciae
925 957 1123 1039 supplicium
1146 959 1264 1021 Persas

211 1072 290 1135 dare
307 1072 462 1153 potuisse.
508 1057 601 1135 idern
618 1092 694 1135 cum
711 1072 917 1136 adversarios
933 1071 1019 1134 intra
1035 1071 1166 1134 moenia
1178 1091 1264 1134 corn-

211 1185 351 1266 pulisset
370 1194 403 1247 et
422 1194 458 1247 ut
478 1184 674 1248 Corinthum
696 1191 908 1267 oppugnaret
929 1184 1024 1246 multi
1043 1184 1263 1260 hortarentur,

211 1296 346 1378 negavit
361 1297 394 1358 id
410 1316 489 1360 suae
501 1297 615 1360 virtuti
630 1306 824 1372 convenire3
849 1303 885 1358 sa
901 1295 989 1359 enirn
1006 1315 1081 1358 eum
1093 1315 1166 1359 esse
1183 1296 1264 1359 dixit

161 1429 191 1465 ιο
212 1419 269 1491 qui
290 1409 332 1472 ad
353 1409 497 1472 officium
522 1419 690 1490 peccantis
714 1409 819 1471 redire
840 1415 984 1489 cogeret,
1007 1415 1074 1469 non
1095 1417 1152 1490 qui
1172 1407 1263 1480 urbis

210 1520 432 1585 nobilissimas
462 1528 670 1603 expugnaret
697 1519 866 1584 Graeciae.
915 1521 1033 1583 “Nam
1060 1520 1117 1596 si,''
1145 1518 1262 1602 inquit,

212 1638 298 1696 “eos
329 1634 539 1714 exstinguere
569 1632 770 1696 voluerimus
805 1643 863 1715 qui
896 1633 1069 1696 nobiscum
1103 1631 1263 1695 adversus

211 1745 370 1807 barbaros
404 1752 576 1820 steterunt,
608 1753 738 1808 nosmet
772 1745 838 1827 ipsi
870 1752 931 1807 nos
961 1743 1263 1826 expugnaverimus

211 1856 274 1919 illis
296 1856 552 1939 quiescentibus
599 1858 676 1939 Quo
697 1857 788 1921 facta
809 1857 880 1920 sine
901 1856 1045 1939 negotio,
1062 1876 1137 1921 curn
1153 1857 1264 1920 volue-

161 1995 190 2050 15
211 1968 286 2045 rint,
304 1977 364 2033 nos
380 1969 599 2051 oppriment.'’

475 2196 478 2199 .
494 2158 631 2219 Agesilaus
646 2160 675 2205 et
689 2159 735 2205 the
750 2158 821 2219 siege
836 2157 862 2206 of
876 2158 978 2217 sparta.

254 2270 314 2334 VI.
348 2269 484 2333 Interim
501 2269 622 2333 accidit
637 2269 692 2332 illa
709 2268 880 2332 calamitas
896 2270 986 2351 apud
1000 2269 1144 2332 Leuctra
1161 2269 1264 2332 Lace-

210 2383 402 2447 daemoniis.
450 2382 527 2465 Quo
545 2389 587 2444 na
607 2382 880 2463 proficisceretur,
900 2402 975 2445 cum
995 2388 1015 2443 a
1034 2383 1200 2463 plerisque
1219 2381 1262 2443 ad

210 2496 398 2559 exeundum
419 2494 652 2575 impellerEtur,
670 2503 707 2556 ut
723 2504 751 2556 si
765 2494 807 2557 da
827 2493 915 2557 exitu
938 2494 1108 2569 divinaret,
1128 2500 1263 2557 excusa-

210 2608 257 2671 vit
292 2614 505 2670 senectutem.
564 2599 668 2681 idem,
705 2626 780 2669 cum
820 2606 1070 2688 Epaminondas
1104 2606 1261 2686 Spartam

159 2740 190 2776 20
212 2726 423 2800 oppugnaret
443 2728 597 2800 essetque
619 2719 690 2782 sine
712 2726 814 2781 muris
835 2719 1005 2800 oppidum,
1027 2718 1127 2781 talem
1149 2725 1185 2780 se
1206 2718 1263 2779 im-

212 2838 397 2913 peratorem
418 2830 571 2914 praebuit
592 2841 628 2894 ut
651 2839 691 2894 eo
713 2840 863 2913 tempore
884 2830 1038 2894 omnibus
1059 2830 1261 2911 apparuerit,

253 3026 274 3076 3.
297 3016 416 3063 tantum
435 3013 524 3062 eunt:
543 3030 596 3063 was
618 3030 643 3061 so
657 3015 710 3078 sur
725 3015 1086 3079 sem-commiseratus
1103 3014 1156 3062 sit:
1171 3013 1263 3077 pitiea'.

212 3109 233 3161 5.
252 3096 342 3145 vitre:
356 3097 434 3161 fault.
463 3096 485 3145 6.
505 3097 688 3157 supplicium
701 3096 787 3147 dare:
804 3099 866 3145 have
878 3097 949 3159 paid
956 3097 995 3144 the
1004 3096 1109 3160 penalty
1120 3103 1160 3151 t0,·
1180 3095 1263 3145 hence

209 3180 273 3228 have
281 3179 338 3227 been
346 3179 478 3242 punished
485 3180 522 3242 by.
556 3192 578 3240 9.
595 3192 668 3229 suae
679 3181 788 3229 virtuti
799 3180 974 3229 convenire:
989 3195 1061 3243 agree
1070 3178 1130 3227 with
1137 3179 1177 3226 lis
1183 3179 1263 3241 prin·

210 3263 290 3324 ciples.
298 3273 420 3310 -eum:
441 3279 457 3310 a
469 3278 538 3311 man.
565 3274 600 3311 10.
614 3262 762 3312 officium:
777 3264 843 3325 duty.
851 3262 1049 3323 -peecantis
1059 3279 1064 3309 ι
1076 3268 1262 3326 transgressum⁸

213 3357 250 3392 12.
275 3344 477 3394 voluerimus:
495 3362 542 3393 are
558 3361 615 3393 ever
632 3346 739 3409 willing.
778 3345 892 3406 141le
909 3345 1153 3407 quiescentibus:
1172 3343 1263 3407 though

210 3427 249 3475 the
259 3427 415 3475 barbariam
435 3428 513 3490 (illis)
528 3428 557 3475 do
569 3427 865 3492 nothing—negoti&
885 3428 975 3476 labare.
1019 3439 1056 3491 15.
1075 3425 1260 3487 oppriment:

210 3511 374 3575 exstinguent.
409 3523 446 3574 17·
470 3510 553 3570 Qud:
577 3511 633 3559 adv.
667 3510 703 3558 18.
717 3511 938 3570 impelleretur:
956 3509 1260 3558 karloman—exitii:

210 3593 482 3643 issue—divinaret
505 3594 558 3642 der
588 3593 931 3657 semesam-excusavit:
959 3608 1023 3657 gave
1050 3607 1079 3638 ar
1103 3607 1138 3638 an
1168 3606 1264 3640 excuse.

211 3690 249 3727 21.
273 3678 426 3738 praebuit:
445 3677 546 3726 slowed.
